3052 4970
193 1599 500 1675 FRIDERIOUS
528 1598 810 1672 HILLMANN
837 1600 907 1672 DE
933 1599 1063 1674 UluA
1090 1598 1202 1690 SUA.

202 1918 305 1999 Natus
327 1952 397 1997 sum
420 1932 595 1997 Fridericus
619 1931 747 1998 Carolus
770 1920 943 1996 Hillmann¹
956 1950 984 1996 a.
1009 1931 1039 1994 d.
1063 1931 1091 1994 V
1115 1930 1176 1997 kal.
1193 1932 1286 1995 Ianu-

111 2041 196 2106 arias
227 2059 255 2105 a.
287 2040 318 2107 h.
351 2059 376 2104 s.
407 2039 494 2102 LVII
524 2039 558 2103 in
585 2040 657 2104 uico
687 2037 1042 2121 Megalopolitanorum,
1074 2038 1128 2120 qui
1159 2039 1287 2102 uocatur

116 2147 269 2212 Cammin.
315 2147 445 2210 Patrem
461 2145 654 2210 Fridericum
677 2146 709 2209 et
730 2148 865 2230 matrem
885 2143 1034 2228 Sophiam
1057 2163 1074 2208 e
1097 2145 1191 2226 geute
1207 2144 1287 2209 Vor-

111 2255 190 2318 beck
218 2252 380 2319 oriundam
411 2253 492 2316 inter
522 2252 613 2316 uiuos
644 2250 745 2316 adhuc
772 2250 852 2314 mihi
887 2253 1027 2328 seruatos
1058 2268 1125 2314 esse
1155 2250 1285 2332 gaudeo.

114 2359 204 2424 Fidei
235 2358 376 2424 addictus
406 2377 475 2422 sum
507 2357 715 2439 euangelicae.
760 2358 843 2420 Puer
876 2357 1027 2421 tredecim
1050 2375 1200 2421 annorum
1223 2375 1282 2439 gy·

113 2467 269 2530 mnasium
293 2464 516 2528 Gustrouicuse
540 2463 736 2545 frequentare
760 2464 855 2547 coepi,
881 2463 960 2546 quod
984 2461 1022 2527 d.
1055 2461 1089 2526 d.
1113 2462 1155 2526 H.
1178 2461 1288 2544 Raspii

1 2651 2 2660 ἵ
111 2573 174 2636 uin·
218 2569 435 2635 eruiditissimi
480 2570 512 2633 et
551 2567 653 2652 ample
696 2570 732 2634 de
775 2587 825 2633 me
863 2569 970 2633 meriti
995 2567 1158 2650 auspiciis
1196 2586 1296 2650 rege·-

116 2679 219 2742 batur.
274 2675 469 2740 Maturitatis
501 2675 717 2740 testimonium
748 2675 877 2759 adeptus
916 2677 1063 2739 autumno
1095 2675 1168 2740 anni
1198 2674 1229 2739 h.
1261 2694 1287 2738 s.

6 2836 9 2865 ,
111 2784 247 2848 LXXVI
270 2781 410 2865 Lipsiam
433 2781 507 2852 abii,
540 2781 594 2845 ubi
617 2800 672 2865 per
696 2784 843 2864 quattuor
866 2782 1028 2846 semestria
1051 2781 1164 2845 studiis
1186 2779 1288 2863 philo·

113 2889 229 2971 logicis
261 2889 293 2951 et
324 2887 482 2952 historicis
512 2902 638 2976 operam
668 2887 739 2951 dedi
769 2889 938 2953 instructus
968 2887 1136 2970 praecipue
1160 2906 1178 2952 a
1202 2886 1287 2951 Uiris
1381 2919 1386 2931 ·

5 3067 8 3081 Ι
114 2993 341 3059 illustrissimis
357 2991 394 3057 G.
408 2992 543 3068 Curtius,
560 2991 725 3070 Drobisch,
738 2993 866 3069 Heinne,
879 2995 997 3076 Lange,
1010 2994 1144 3076 Lipsius,
1158 2992 1287 3068 Masius,

5 3114 8 3134 ’
112 3099 270 3176 Ribbeck,
302 3098 417 3182 Voigt,
450 3099 602 3174 Zarncke3
633 3099 849 3182 proseminarii
879 3098 1062 3220 philologici
1093 3098 1289 3163 exercitatio-

114 3205 205 3269 nibus
235 3223 292 3286 per
324 3224 377 3269 sex
405 3224 528 3270 meuses
558 3205 696 3272 interfui.
744 3206 839 3271 Initio
870 3207 971 3289 quinti
1003 3205 1163 3270 semestris
1191 3204 1289 3270 Bero-

113 3311 212 3376 liuum
244 3329 296 3375 me
321 3311 450 3388 contuli,
481 3311 585 3394 ibique
616 3331 672 3394 per
702 3331 755 3377 sex
777 3332 900 3378 meuses
929 3312 1182 3396 praeceptoribus
1212 3330 1288 3375 usus

2 3416 6 3454 '·
114 3439 185 3482 sum
215 3417 299 3482 Uiris
323 3416 513 3482 Clarissimis
536 3417 687 3500 Droysen,
712 3416 879 3501 Steinthal,
907 3417 1038 3496 Vahlen,
1067 3416 1295 3500 Wattenbach.¹

5 3537 6 3543 ’
114 3523 237 3588 Relicta
259 3523 430 3588 Academia
453 3522 648 3589 Berolinensi
670 3524 874 3588 Rostochium
896 3523 952 3601 iui,
977 3523 1108 3606 ubiper
1130 3522 1290 3588 biennium

114 3633 149 3694 et
172 3649 225 3694 sex
247 3649 370 3696 menses
392 3649 443 3696 me
467 3630 636 3695 docuerunt
659 3629 727 3694 Uiri
749 3628 923 3694 doctissimi
938 3629 1093 3706 Foerster,
1117 3628 1288 3705 Fritzsche,

18 3784 26 3821 r
118 3734 241 3811 Kaibel,
267 3734 507 3818 Schirrmacher,
532 3735 569 3800 de
593 3734 695 3811 Stein;
720 3735 835 3801 sodalis
851 3735 897 3799 fui
921 3735 1082 3800 seminarii
1095 3733 1288 3816 philologici,

114 3842 198 3924 quod
230 3842 399 3917 Fritzsche,
423 3842 578 3918 Focrster,
616 3841 730 3906 Kaibel
760 3841 1009 3916 moderabantur,
1049 3857 1104 3922 per
1143 3841 1290 3920 quattuol·

52 3995 54 4000 -
114 3948 290 4024 semestris,
314 3965 370 4030 per
394 3947 531 4030 quinque
554 3947 719 4012 semestria
742 3947 902 4012 seminarii
924 3946 1077 4021 historici,
1102 3945 1153 4010 cui
1169 3944 1290 4010 Schirr·

114 4055 241 4119 macher
263 4054 424 4136 praeerat;
447 4053 608 4136 praeterea
624 4054 704 4117 mihi
727 4054 872 4135 contigit,
895 4055 931 4117 ut
953 4071 1008 4136 per
1030 4053 1104 4116 bina
1126 4052 1290 4117 semestria

113 4161 300 4225 interessem
334 4159 606 4223 exercitationibus
640 4160 673 4223 et
702 4159 897 4242 philologieis
936 4160 968 4222 et
998 4157 1239 4240 archaeologicis
1271 4177 1289 4223 a

21 4303 24 4320 ·
104 4261 279 4332 ¹Foerstero
302 4265 469 4330 inst‘tubis.
493 4301 535 4312 -
560 4265 701 4348 Denique
733 4265 859 4330 domum
889 4284 1031 4329 reuersus
1059 4266 1139 4329 hanc
1163 4264 1200 4328 de
1222 4266 1291 4329 arte
