<?xml version="1.0" encoding="UTF-8"?>
<!DOCTYPE html PUBLIC "-//W3C//DTD XHTML 1.0 Transitional//EN"
    "http://www.w3.org/TR/xhtml1/DTD/xhtml1-transitional.dtd">
<html xmlns="http://www.w3.org/1999/xhtml" xml:lang="en" lang="en">
 <head>
  <title>
</title>
<meta http-equiv="Content-Type" content="text/html;charset=utf-8" />
  <meta name='ocr-system' content='tesseract 3.04.00' />
  <meta name='ocr-capabilities' content='ocr_page ocr_carea ocr_par ocr_line ocrx_word'/>
</head>
<body>
  <div class='ocr_page' id='page_1' title='image "./deartecriticain00hillgoog_0069.png"; bbox 0 0 3052 4970; ppageno 0'>
   <div class='ocr_carea' id='block_1_1' title="bbox 670 454 943 520">
    <p class='ocr_par' dir='ltr' id='par_1_1' title="bbox 670 415 1520 600">
     <span class='ocr_line' id='line_1_1' title="bbox 670 454 943 520; baseline -0.004 0"><span class='ocrx_word' id='word_1_1' title='bbox 670 454 943 520; x_wconf 74' lang='lat' dir='ltr'>--eu-</span> 
     </span>
    </p>
   </div>
   <div class='ocr_carea' id='block_1_2' title="bbox 136 626 1525 3997">
    <p class='ocr_par' dir='ltr' id='par_1_2' title="bbox 200 626 1525 2835">
     <span class='ocr_line' id='line_1_2' title="bbox 245 626 1429 711; baseline -0.004 -16"><span class='ocrx_word' id='word_1_2' title='bbox 245 632 321 695; x_wconf 87' lang='lat' dir='ltr'>sunt</span> <span class='ocrx_word' id='word_1_3' title='bbox 349 631 382 694; x_wconf 92' lang='lat' dir='ltr'>in</span> <span class='ocrx_word' id='word_1_4' title='bbox 409 629 694 711; x_wconf 84' lang='lat' dir='ltr'>Argonauticorum</span> <span class='ocrx_word' id='word_1_5' title='bbox 724 629 877 706; x_wconf 89' lang='lat' dir='ltr'>uersibus,</span> <span class='ocrx_word' id='word_1_6' title='bbox 908 629 992 693; x_wconf 87' lang='lat' dir='ltr'>reete</span> <span class='ocrx_word' id='word_1_7' title='bbox 1022 626 1201 692; x_wconf 83' lang='lat' dir='ltr'>reddiderit.</span> <span class='ocrx_word' id='word_1_8' title='bbox 1248 626 1337 705; x_wconf 81' lang='lat' dir='ltr'>Quod</span> <span class='ocrx_word' id='word_1_9' title='bbox 1371 626 1429 692; x_wconf 90' lang='lat' dir='ltr'>uel</span> 
     </span>
     <span class='ocr_line' id='line_1_3' title="bbox 200 731 1427 817; baseline -0.004 -16"><span class='ocrx_word' id='word_1_10' title='bbox 200 771 202 785; x_wconf 55' lang='grc' dir='ltr'>ι</span> <span class='ocrx_word' id='word_1_11' title='bbox 246 736 381 801; x_wconf 83' lang='lat' dir='ltr'>maxime</span> <span class='ocrx_word' id='word_1_12' title='bbox 403 735 443 799; x_wconf 89' lang='lat' dir='ltr'>iis</span> <span class='ocrx_word' id='word_1_13' title='bbox 466 735 543 799; x_wconf 90' lang='lat' dir='ltr'>locis</span> <span class='ocrx_word' id='word_1_14' title='bbox 566 735 730 817; x_wconf 83' lang='lat' dir='ltr'>reperitur,</span> <span class='ocrx_word' id='word_1_15' title='bbox 754 735 810 799; x_wconf 92' lang='lat' dir='ltr'>ubi</span> <span class='ocrx_word' id='word_1_16' title='bbox 833 733 1004 799; x_wconf 82' lang='lat' dir='ltr'>Oribellum</span> <span class='ocrx_word' id='word_1_17' title='bbox 1028 735 1208 815; x_wconf 70' lang='lat' dir='ltr'>corruptam</span> <span class='ocrx_word' id='word_1_18' title='bbox 1233 732 1287 796; x_wconf 93' lang='lat' dir='ltr'>uel</span> <span class='ocrx_word' id='word_1_19' title='bbox 1309 731 1349 797; x_wconf 79' lang='lat' dir='ltr'>ed</span> <span class='ocrx_word' id='word_1_20' title='bbox 1373 733 1427 796; x_wconf 91' lang='lat' dir='ltr'>in-</span> 
     </span>
     <span class='ocr_line' id='line_1_4' title="bbox 245 839 1426 926; baseline -0.003 -19"><span class='ocrx_word' id='word_1_21' title='bbox 245 841 459 924; x_wconf 85' lang='lat' dir='ltr'>tellegendum</span> <span class='ocrx_word' id='word_1_22' title='bbox 483 840 659 926; x_wconf 83' lang='lat' dir='ltr'>difficilem</span> <span class='ocrx_word' id='word_1_23' title='bbox 673 841 862 922; x_wconf 73' lang='lat' dir='ltr'>scripturam</span> <span class='ocrx_word' id='word_1_24' title='bbox 885 841 918 904; x_wconf 93' lang='lat' dir='ltr'>in</span> <span class='ocrx_word' id='word_1_25' title='bbox 942 839 1047 905; x_wconf 86' lang='lat' dir='ltr'>codice</span> <span class='ocrx_word' id='word_1_26' title='bbox 1079 859 1135 904; x_wconf 89' lang='lat' dir='ltr'>suo</span> <span class='ocrx_word' id='word_1_27' title='bbox 1159 839 1303 904; x_wconf 83' lang='lat' dir='ltr'>habuisse</span> <span class='ocrx_word' id='word_1_28' title='bbox 1333 840 1426 903; x_wconf 90' lang='lat' dir='ltr'>ueri-</span> 
     </span>
     <span class='ocr_line' id='line_1_5' title="bbox 245 948 432 1014; baseline -0.005 -1"><span class='ocrx_word' id='word_1_29' title='bbox 245 948 350 1014; x_wconf 90' lang='lat' dir='ltr'>simile</span> <span class='ocrx_word' id='word_1_30' title='bbox 374 950 432 1013; x_wconf 88' lang='lat' dir='ltr'>est.</span> 
     </span>
     <span class='ocr_line' id='line_1_6' title="bbox 335 1052 1423 1135; baseline -0.004 -16"><span class='ocrx_word' id='word_1_31' title='bbox 335 1055 451 1119; x_wconf 91' lang='lat' dir='ltr'>Uersus</span> <span class='ocrx_word' id='word_1_32' title='bbox 475 1056 517 1122; x_wconf 81' lang='lat'>18</span> <span class='ocrx_word' id='word_1_33' title='bbox 540 1055 573 1117; x_wconf 93' lang='lat' dir='ltr'>in</span> <span class='ocrx_word' id='word_1_34' title='bbox 597 1053 740 1118; x_wconf 84' lang='lat' dir='ltr'>omnibus</span> <span class='ocrx_word' id='word_1_35' title='bbox 756 1053 914 1119; x_wconf 86' lang='lat' dir='ltr'>codicibus</span> <span class='ocrx_word' id='word_1_36' title='bbox 937 1055 983 1118; x_wconf 89' lang='lat' dir='ltr'>sic</span> <span class='ocrx_word' id='word_1_37' title='bbox 1009 1052 1074 1117; x_wconf 85' lang='lat' dir='ltr'>iere</span> <span class='ocrx_word' id='word_1_38' title='bbox 1091 1052 1279 1135; x_wconf 83' lang='lat' dir='ltr'>deprauatus</span> <span class='ocrx_word' id='word_1_39' title='bbox 1298 1052 1423 1118; x_wconf 81' lang='lat' dir='ltr'>exstet:</span> 
     </span>
     <span class='ocr_line' id='line_1_7' title="bbox 429 1153 1296 1244; baseline 0 -24"><span class='ocrx_word' id='word_1_40' title='bbox 429 1161 626 1244; x_wconf 67' lang='lat' dir='ltr'>[preveeru]</span> <span class='ocrx_word' id='word_1_41' title='bbox 651 1160 683 1222; x_wconf 84' lang='grc' dir='ltr'>οἳ</span> <span class='ocrx_word' id='word_1_42' title='bbox 705 1157 820 1243; x_wconf 83' lang='grc' dir='ltr'><em>λυγρὸν</em></span> <span class='ocrx_word' id='word_1_43' title='bbox 843 1153 903 1221; x_wconf 79' lang='grc' dir='ltr'>ἀπ’</span> <span class='ocrx_word' id='word_1_44' title='bbox 926 1154 1071 1244; x_wconf 73' lang='grc' dir='ltr'><em>Οὐρανοῦ</em></span> <span class='ocrx_word' id='word_1_45' title='bbox 1093 1155 1296 1237; x_wconf 59' lang='grc' dir='ltr'>ἑςάξαντοῙῧ)</span> 
     </span>
     <span class='ocr_line' id='line_1_8' title="bbox 430 1261 1114 1351; baseline -0.003 -23"><span class='ocrx_word' id='word_1_46' title='bbox 430 1269 575 1350; x_wconf 81' lang='grc' dir='ltr'>[σπέρμα</span> <span class='ocrx_word' id='word_1_47' title='bbox 597 1265 690 1351; x_wconf 76' lang='grc' dir='ltr'><em>γονῆς</em></span> <span class='ocrx_word' id='word_1_48' title='bbox 713 1264 904 1350; x_wconf 53' lang='lat' dir='ltr'>comedentes,</span> <span class='ocrx_word' id='word_1_49' title='bbox 930 1261 1009 1329; x_wconf 68' lang='grc' dir='ltr'>ὅθεν</span> <span class='ocrx_word' id='word_1_50' title='bbox 1031 1264 1114 1346; x_wconf 77' lang='grc' dir='ltr'>κτλ]</span> 
     </span>
     <span class='ocr_line' id='line_1_9' title="bbox 245 1367 1523 1455; baseline -0.002 -19"><span class='ocrx_word' id='word_1_51' title='bbox 245 1377 278 1438; x_wconf 86' lang='lat' dir='ltr'>et</span> <span class='ocrx_word' id='word_1_52' title='bbox 303 1373 410 1438; x_wconf 85' lang='lat' dir='ltr'>eedem</span> <span class='ocrx_word' id='word_1_53' title='bbox 446 1373 497 1437; x_wconf 92' lang='lat' dir='ltr'>uel</span> <span class='ocrx_word' id='word_1_54' title='bbox 528 1373 644 1438; x_wconf 82' lang='lat' dir='ltr'><strong>similia</strong></span> <span class='ocrx_word' id='word_1_55' title='bbox 666 1374 698 1437; x_wconf 93' lang='lat' dir='ltr'>in</span> <span class='ocrx_word' id='word_1_56' title='bbox 729 1374 846 1450; x_wconf 85' lang='lat' dir='ltr'>codice,</span> <span class='ocrx_word' id='word_1_57' title='bbox 877 1393 937 1455; x_wconf 89' lang='lat' dir='ltr'>que</span> <span class='ocrx_word' id='word_1_58' title='bbox 963 1367 1114 1438; x_wconf 82' lang='lat' dir='ltr'>Cribellus</span> <span class='ocrx_word' id='word_1_59' title='bbox 1144 1390 1219 1436; x_wconf 90' lang='lat' dir='ltr'>usus</span> <span class='ocrx_word' id='word_1_60' title='bbox 1243 1371 1301 1448; x_wconf 81' lang='lat' dir='ltr'>est,</span> <span class='ocrx_word' id='word_1_61' title='bbox 1325 1369 1425 1436; x_wconf 90' lang='lat' dir='ltr'>fuisse</span> <span class='ocrx_word' id='word_1_62' title='bbox 1522 1370 1523 1452; x_wconf 69' lang='lat' dir='ltr'>l</span> 
     </span>
     <span class='ocr_line' id='line_1_10' title="bbox 246 1477 1423 1563; baseline -0.003 -18"><span class='ocrx_word' id='word_1_63' title='bbox 246 1481 402 1545; x_wconf 86' lang='lat' dir='ltr'>uidentur.</span> <span class='ocrx_word' id='word_1_64' title='bbox 426 1477 579 1558; x_wconf 78' lang='grc' dir='ltr'><strong><em>ἐτάξαντο</em></strong></span> <span class='ocrx_word' id='word_1_65' title='bbox 602 1482 709 1544; x_wconf 87' lang='lat' dir='ltr'>autem</span> <span class='ocrx_word' id='word_1_66' title='bbox 731 1479 816 1544; x_wconf 84' lang='lat' dir='ltr'>idern</span> <span class='ocrx_word' id='word_1_67' title='bbox 840 1484 897 1555; x_wconf 88' lang='lat' dir='ltr'>est,</span> <span class='ocrx_word' id='word_1_68' title='bbox 926 1480 1006 1563; x_wconf 87' lang='lat' dir='ltr'>quod</span> <span class='ocrx_word' id='word_1_69' title='bbox 1033 1480 1151 1558; x_wconf 84' lang='lat' dir='ltr'>„eciem</span> <span class='ocrx_word' id='word_1_70' title='bbox 1174 1479 1423 1542; x_wconf 81' lang='lat' dir='ltr'>instruxerunt“.</span> 
     </span>
     <span class='ocr_line' id='line_1_11' title="bbox 246 1583 1148 1670; baseline -0.006 -17"><span class='ocrx_word' id='word_1_71' title='bbox 246 1588 350 1653; x_wconf 87' lang='lat' dir='ltr'>Uertit</span> <span class='ocrx_word' id='word_1_72' title='bbox 371 1588 470 1670; x_wconf 85' lang='lat' dir='ltr'>igitur</span> <span class='ocrx_word' id='word_1_73' title='bbox 494 1586 645 1652; x_wconf 85' lang='lat' dir='ltr'>Cribellus</span> <span class='ocrx_word' id='word_1_74' title='bbox 668 1586 759 1651; x_wconf 92' lang='lat' dir='ltr'>illum</span> <span class='ocrx_word' id='word_1_75' title='bbox 782 1605 907 1650; x_wconf 90' lang='lat' dir='ltr'>uersum</span> <span class='ocrx_word' id='word_1_76' title='bbox 929 1583 1148 1664; x_wconf 83' lang='lat' dir='ltr'>liberrime¹⁶):</span> 
     </span>
     <span class='ocr_line' id='line_1_12' title="bbox 407 1691 1524 1790; baseline -0.003 -33"><span class='ocrx_word' id='word_1_77' title='bbox 407 1709 488 1770; x_wconf 67' lang='grc'>·“”,</span> <span class='ocrx_word' id='word_1_78' title='bbox 513 1694 622 1776; x_wconf 89' lang='lat' dir='ltr'>quiin</span> <span class='ocrx_word' id='word_1_79' title='bbox 647 1712 773 1776; x_wconf 88' lang='lat' dir='ltr'>superes</span> <span class='ocrx_word' id='word_1_80' title='bbox 797 1693 897 1758; x_wconf 85' lang='lat' dir='ltr'>eciem</span> <span class='ocrx_word' id='word_1_81' title='bbox 921 1695 1059 1770; x_wconf 83' lang='lat' dir='ltr'>struxere</span> <span class='ocrx_word' id='word_1_82' title='bbox 1083 1691 1258 1757; x_wconf 83' lang='lat' dir='ltr'>nefandum.</span> <span class='ocrx_word' id='word_1_83' title='bbox 1523 1739 1524 1790; x_wconf 57' lang='lat' dir='ltr'>p</span> 
     </span>
     <span class='ocr_line' id='line_1_13' title="bbox 335 1796 1424 1880; baseline -0.003 -17"><span class='ocrx_word' id='word_1_84' title='bbox 335 1800 381 1865; x_wconf 87' lang='lat' dir='ltr'>De</span> <span class='ocrx_word' id='word_1_85' title='bbox 404 1819 515 1864; x_wconf 89' lang='lat' dir='ltr'>uersus</span> <span class='ocrx_word' id='word_1_86' title='bbox 539 1802 602 1866; x_wconf 80' lang='lat'>831</span> <span class='ocrx_word' id='word_1_87' title='bbox 628 1799 725 1864; x_wconf 87' lang='lat' dir='ltr'>altere</span> <span class='ocrx_word' id='word_1_88' title='bbox 757 1799 966 1876; x_wconf 85' lang='lat' dir='ltr'>hemistichi0‚</span> <span class='ocrx_word' id='word_1_89' title='bbox 1001 1797 1082 1880; x_wconf 86' lang='lat' dir='ltr'>qued</span> <span class='ocrx_word' id='word_1_90' title='bbox 1112 1815 1220 1870; x_wconf 85' lang='lat' dir='ltr'>omnes</span> <span class='ocrx_word' id='word_1_91' title='bbox 1249 1796 1323 1861; x_wconf 89' lang='lat' dir='ltr'><strong>libri</strong></span> <span class='ocrx_word' id='word_1_92' title='bbox 1351 1816 1424 1861; x_wconf 84' lang='lat' dir='ltr'>ma-</span> 
     </span>
     <span class='ocr_line' id='line_1_14' title="bbox 246 1898 1425 1989; baseline -0.003 -19"><span class='ocrx_word' id='word_1_93' title='bbox 246 1907 399 1988; x_wconf 90' lang='lat' dir='ltr'>nuscripti</span> <span class='ocrx_word' id='word_1_94' title='bbox 423 1907 603 1988; x_wconf 88' lang='lat' dir='ltr'>corruptum</span> <span class='ocrx_word' id='word_1_95' title='bbox 627 1907 773 1970; x_wconf 78' lang='lat' dir='ltr'><strong>exhibent</strong></span> <span class='ocrx_word' id='word_1_96' title='bbox 795 1906 855 1970; x_wconf 91' lang='lat' dir='ltr'>sic:</span> <span class='ocrx_word' id='word_1_97' title='bbox 887 1909 971 1986; x_wconf 84' lang='grc' dir='ltr'><em>μέγα</em></span> <span class='ocrx_word' id='word_1_98' title='bbox 993 1898 1185 1982; x_wconf 77' lang='grc' dir='ltr'><em>δ’ἅντιάχων</em></span> <span class='ocrx_word' id='word_1_99' title='bbox 1207 1899 1351 1984; x_wconf 81' lang='grc' dir='ltr'><em>ἐγεγώνει</em></span> <span class='ocrx_word' id='word_1_100' title='bbox 1375 1901 1425 1989; x_wconf 87' lang='lat' dir='ltr'>(et</span> 
     </span>
     <span class='ocr_line' id='line_1_15' title="bbox 241 2008 1422 2093; baseline -0.002 -19"><span class='ocrx_word' id='word_1_101' title='bbox 241 2011 354 2076; x_wconf 85' lang='lat' dir='ltr'>eedem</span> <span class='ocrx_word' id='word_1_102' title='bbox 376 2011 511 2076; x_wconf 80' lang='lat' dir='ltr'>habebat</span> <span class='ocrx_word' id='word_1_103' title='bbox 542 2011 635 2075; x_wconf 82' lang='lat' dir='ltr'>ceder</span> <span class='ocrx_word' id='word_1_104' title='bbox 660 2009 864 2074; x_wconf 81' lang='lat' dir='ltr'>Oribellienus</span> <span class='ocrx_word' id='word_1_105' title='bbox 891 2011 958 2074; x_wconf 92' lang='lat' dir='ltr'>sine</span> <span class='ocrx_word' id='word_1_106' title='bbox 981 2008 1087 2088; x_wconf 89' lang='lat' dir='ltr'>dubio)</span> <span class='ocrx_word' id='word_1_107' title='bbox 1119 2009 1225 2074; x_wconf 84' lang='lat' dir='ltr'>confer</span> <span class='ocrx_word' id='word_1_108' title='bbox 1248 2028 1327 2093; x_wconf 82' lang='lat' dir='ltr'>quae</span> <span class='ocrx_word' id='word_1_109' title='bbox 1345 2027 1422 2091; x_wconf 84' lang='lat' dir='ltr'>pag.</span> 
     </span>
     <span class='ocr_line' id='line_1_16' title="bbox 245 2113 1525 2184; baseline -0.005 0"><span class='ocrx_word' id='word_1_110' title='bbox 245 2119 287 2184; x_wconf 73' lang='grc'>95</span> <span class='ocrx_word' id='word_1_111' title='bbox 312 2116 382 2180; x_wconf 82' lang='lat' dir='ltr'>dixi.</span> <span class='ocrx_word' id='word_1_112' title='bbox 969 2113 970 2118; x_wconf 74' lang='grc'>’</span> <span class='ocrx_word' id='word_1_113' title='bbox 1524 2117 1525 2126; x_wconf 78' lang='grc'>’</span> 
     </span>
     <span class='ocr_line' id='line_1_17' title="bbox 335 2218 1424 2305; baseline -0.003 -18"><span class='ocrx_word' id='word_1_114' title='bbox 335 2223 417 2287; x_wconf 86' lang='lat' dir='ltr'>Illud</span> <span class='ocrx_word' id='word_1_115' title='bbox 434 2218 589 2302; x_wconf 79' lang='grc' dir='ltr'>’Ἀμπυκι,</span> <span class='ocrx_word' id='word_1_116' title='bbox 614 2222 695 2305; x_wconf 89' lang='lat' dir='ltr'>quod</span> <span class='ocrx_word' id='word_1_117' title='bbox 716 2223 750 2286; x_wconf 93' lang='lat' dir='ltr'>in</span> <span class='ocrx_word' id='word_1_118' title='bbox 772 2240 864 2285; x_wconf 91' lang='lat' dir='ltr'>uersu</span> <span class='ocrx_word' id='word_1_119' title='bbox 888 2223 951 2290; x_wconf 78' lang='lat'>129</span> <span class='ocrx_word' id='word_1_120' title='bbox 974 2221 1101 2304; x_wconf 84' lang='lat' dir='ltr'>legitur,</span> <span class='ocrx_word' id='word_1_121' title='bbox 1125 2240 1237 2286; x_wconf 90' lang='lat' dir='ltr'>nemen</span> <span class='ocrx_word' id='word_1_122' title='bbox 1259 2221 1424 2303; x_wconf 88' lang='lat' dir='ltr'>proprium</span> 
     </span>
     <span class='ocr_line' id='line_1_18' title="bbox 246 2325 1356 2413; baseline 0.001 -20"><span class='ocrx_word' id='word_1_123' title='bbox 246 2348 313 2395; x_wconf 90' lang='lat' dir='ltr'>esse</span> <span class='ocrx_word' id='word_1_124' title='bbox 330 2329 485 2394; x_wconf 85' lang='lat' dir='ltr'>Cribellus</span> <span class='ocrx_word' id='word_1_125' title='bbox 508 2328 683 2412; x_wconf 83' lang='lat' dir='ltr'>ignorabat.</span> <span class='ocrx_word' id='word_1_126' title='bbox 718 2328 945 2410; x_wconf 78' lang='lat' dir='ltr'>Interpretatur</span> <span class='ocrx_word' id='word_1_127' title='bbox 967 2329 1066 2411; x_wconf 78' lang='lat' dir='ltr'>igitur</span> <span class='ocrx_word' id='word_1_128' title='bbox 1089 2325 1356 2413; x_wconf 79' lang='lat' dir='ltr'>uersus129l130</span> 
     </span>
     <span class='ocr_line' id='line_1_19' title="bbox 403 2430 1278 2518; baseline -0.003 -20"><span class='ocrx_word' id='word_1_129' title='bbox 403 2435 467 2498; x_wconf 85' lang='grc' dir='ltr'>Καὶ</span> <span class='ocrx_word' id='word_1_130' title='bbox 490 2433 611 2518; x_wconf 78' lang='grc' dir='ltr'><strong><em>Μόψον</em></strong></span> <span class='ocrx_word' id='word_1_131' title='bbox 639 2433 827 2518; x_wconf 72' lang='grc' dir='ltr'><strong><em>Τιταρῆθεν,</em></strong></span> <span class='ocrx_word' id='word_1_132' title='bbox 852 2430 889 2498; x_wconf 80' lang='grc' dir='ltr'>ὃν</span> <span class='ocrx_word' id='word_1_133' title='bbox 906 2431 1050 2512; x_wconf 77' lang='grc' dir='ltr'><strong><em>’Ἀμπυκι</em></strong></span> <span class='ocrx_word' id='word_1_134' title='bbox 1072 2436 1278 2518; x_wconf 72' lang='grc' dir='ltr'><strong><em>νυμφηθεῖσα</em></strong></span> 
     </span>
     <span class='ocr_line' id='line_1_20' title="bbox 403 2533 1170 2626; baseline 0.001 -23"><span class='ocrx_word' id='word_1_135' title='bbox 403 2543 545 2626; x_wconf 80' lang='grc' dir='ltr'><em>Χαονίην</em></span> <span class='ocrx_word' id='word_1_136' title='bbox 568 2533 635 2606; x_wconf 82' lang='grc' dir='ltr'>ὑπὸ</span> <span class='ocrx_word' id='word_1_137' title='bbox 658 2539 761 2626; x_wconf 74' lang='grc' dir='ltr'><em>φηγὸν</em></span> <span class='ocrx_word' id='word_1_138' title='bbox 780 2536 943 2626; x_wconf 81' lang='grc' dir='ltr'>Ἀρηγονὶς</span> <span class='ocrx_word' id='word_1_139' title='bbox 965 2537 1170 2618; x_wconf 68' lang='grc' dir='ltr'><strong><em>ἕξελόχευσεν.</em></strong></span> 
     </span>
     <span class='ocr_line' id='line_1_21' title="bbox 247 2645 1155 2729; baseline -0.002 -19"><span class='ocrx_word' id='word_1_140' title='bbox 247 2647 310 2710; x_wconf 90' lang='lat' dir='ltr'>sic:</span> <span class='ocrx_word' id='word_1_141' title='bbox 335 2648 440 2722; x_wconf 75' lang='lat' dir='ltr'>litte,</span> <span class='ocrx_word' id='word_1_142' title='bbox 464 2647 582 2729; x_wconf 89' lang='lat' dir='ltr'>Mopse,</span> <span class='ocrx_word' id='word_1_143' title='bbox 607 2647 681 2724; x_wconf 84' lang='lat' dir='ltr'>adii,</span> <span class='ocrx_word' id='word_1_144' title='bbox 706 2646 860 2710; x_wconf 82' lang='lat' dir='ltr'>Titaresie</span> <span class='ocrx_word' id='word_1_145' title='bbox 883 2645 1043 2729; x_wconf 87' lang='lat' dir='ltr'>splendide</span> <span class='ocrx_word' id='word_1_146' title='bbox 1067 2645 1155 2709; x_wconf 87' lang='lat' dir='ltr'>cultu</span> 
     </span>
     <span class='ocr_line' id='line_1_22' title="bbox 337 2752 1213 2835; baseline -0.001 -18"><span class='ocrx_word' id='word_1_147' title='bbox 337 2753 507 2818; x_wconf 82' lang='lat' dir='ltr'>Chaoniam</span> <span class='ocrx_word' id='word_1_148' title='bbox 529 2754 650 2835; x_wconf 84' lang='lat' dir='ltr'>peperit</span> <span class='ocrx_word' id='word_1_149' title='bbox 674 2771 766 2834; x_wconf 92' lang='lat' dir='ltr'>quem</span> <span class='ocrx_word' id='word_1_150' title='bbox 790 2754 897 2817; x_wconf 84' lang='lat' dir='ltr'>subter</span> <span class='ocrx_word' id='word_1_151' title='bbox 919 2753 1074 2834; x_wconf 84' lang='lat' dir='ltr'>Aregenis</span> <span class='ocrx_word' id='word_1_152' title='bbox 1098 2752 1213 2816; x_wconf 89' lang='lat' dir='ltr'>elnum.</span> 
     </span>
    </p>

    <p class='ocr_par' dir='ltr' id='par_1_3' title="bbox 136 2855 1422 3997">
     <span class='ocr_line' id='line_1_23' title="bbox 136 2855 1422 2944; baseline 0.002 -23"><span class='ocrx_word' id='word_1_153' title='bbox 136 2907 138 2910; x_wconf 83' lang='lat'>.</span> <span class='ocrx_word' id='word_1_154' title='bbox 241 2855 360 2940; x_wconf 66' lang='grc' dir='ltr'><strong><em>Ἄμπυξ</em></strong></span> <span class='ocrx_word' id='word_1_155' title='bbox 382 2878 455 2924; x_wconf 89' lang='lat' dir='ltr'>uere</span> <span class='ocrx_word' id='word_1_156' title='bbox 474 2859 557 2923; x_wconf 89' lang='lat' dir='ltr'>idem</span> <span class='ocrx_word' id='word_1_157' title='bbox 570 2857 737 2942; x_wconf 84' lang='lat' dir='ltr'>significet,</span> <span class='ocrx_word' id='word_1_158' title='bbox 751 2859 832 2941; x_wconf 88' lang='lat' dir='ltr'>qued</span> <span class='ocrx_word' id='word_1_159' title='bbox 844 2859 925 2941; x_wconf 84' lang='lat' dir='ltr'>apud</span> <span class='ocrx_word' id='word_1_160' title='bbox 936 2858 1117 2924; x_wconf 80' lang='lat' dir='ltr'>quenalem</span> <span class='ocrx_word' id='word_1_161' title='bbox 1133 2857 1188 2944; x_wconf 89' lang='grc' dir='ltr'>(Π,</span> <span class='ocrx_word' id='word_1_162' title='bbox 1202 2862 1257 2938; x_wconf 83' lang='grc'>84)</span> <span class='ocrx_word' id='word_1_163' title='bbox 1272 2858 1422 2939; x_wconf 84' lang='lat' dir='ltr'>„redimi-</span> 
     </span>
     <span class='ocr_line' id='line_1_24' title="bbox 246 2963 1420 3047; baseline 0 -19"><span class='ocrx_word' id='word_1_164' title='bbox 246 2964 353 3029; x_wconf 85' lang='lat' dir='ltr'>culum</span> <span class='ocrx_word' id='word_1_165' title='bbox 365 2963 508 3031; x_wconf 83' lang='lat' dir='ltr'>frentis“.</span> <span class='ocrx_word' id='word_1_166' title='bbox 532 2966 641 3047; x_wconf 83' lang='lat' dir='ltr'>Itaque</span> <span class='ocrx_word' id='word_1_167' title='bbox 652 2964 911 3030; x_wconf 81' lang='lat' dir='ltr'>liberecribellus</span> <span class='ocrx_word' id='word_1_168' title='bbox 923 2965 1130 3030; x_wconf 89' lang='lat' dir='ltr'>illemuccem</span> <span class='ocrx_word' id='word_1_169' title='bbox 1141 2965 1237 3029; x_wconf 81' lang='lat' dir='ltr'>latine</span> <span class='ocrx_word' id='word_1_170' title='bbox 1250 2966 1420 3046; x_wconf 83' lang='lat' dir='ltr'>expressit:</span> 
     </span>
     <span class='ocr_line' id='line_1_25' title="bbox 249 3070 1421 3154; baseline -0.002 -19"><span class='ocrx_word' id='word_1_171' title='bbox 249 3070 429 3154; x_wconf 83' lang='lat' dir='ltr'>„splendida</span> <span class='ocrx_word' id='word_1_172' title='bbox 450 3072 569 3137; x_wconf 83' lang='lat' dir='ltr'>eultn“.</span> <span class='ocrx_word' id='word_1_173' title='bbox 598 3072 638 3136; x_wconf 82' lang='lat' dir='ltr'>m</span> <span class='ocrx_word' id='word_1_174' title='bbox 653 3071 741 3147; x_wconf 87' lang='lat' dir='ltr'>illud,</span> <span class='ocrx_word' id='word_1_175' title='bbox 766 3071 847 3154; x_wconf 87' lang='lat' dir='ltr'>qued</span> <span class='ocrx_word' id='word_1_176' title='bbox 864 3072 1016 3136; x_wconf 82' lang='lat' dir='ltr'>erstreme</span> <span class='ocrx_word' id='word_1_177' title='bbox 1032 3089 1124 3136; x_wconf 87' lang='lat' dir='ltr'>uersu</span> <span class='ocrx_word' id='word_1_178' title='bbox 1139 3072 1204 3140; x_wconf 79' lang='lat'>953</span> <span class='ocrx_word' id='word_1_179' title='bbox 1219 3070 1346 3153; x_wconf 85' lang='lat' dir='ltr'>legitur,</span> <span class='ocrx_word' id='word_1_180' title='bbox 1362 3073 1421 3134; x_wconf 70' lang='grc' dir='ltr'>θε-</span> 
     </span>
     <span class='ocr_line' id='line_1_26' title="bbox 246 3176 1420 3266; baseline 0.002 -26"><span class='ocrx_word' id='word_1_181' title='bbox 246 3176 370 3263; x_wconf 75' lang='grc' dir='ltr'><em>ράπνην</em></span> <span class='ocrx_word' id='word_1_182' title='bbox 390 3179 494 3244; x_wconf 90' lang='lat' dir='ltr'>locum</span> <span class='ocrx_word' id='word_1_183' title='bbox 513 3198 636 3244; x_wconf 84' lang='lat' dir='ltr'>sacrum</span> <span class='ocrx_word' id='word_1_184' title='bbox 657 3178 834 3258; x_wconf 77' lang='lat' dir='ltr'>significare</span> <span class='ocrx_word' id='word_1_185' title='bbox 853 3180 953 3243; x_wconf 85' lang='lat' dir='ltr'>nescit</span> <span class='ocrx_word' id='word_1_186' title='bbox 972 3180 1140 3266; x_wconf 64' lang='lat' dir='ltr'>interpres,</span> <span class='ocrx_word' id='word_1_187' title='bbox 1153 3177 1206 3242; x_wconf 86' lang='lat' dir='ltr'>sed</span> <span class='ocrx_word' id='word_1_188' title='bbox 1217 3177 1420 3243; x_wconf 87' lang='lat' dir='ltr'>reminiscens</span> 
     </span>
     <span class='ocr_line' id='line_1_27' title="bbox 246 3283 1420 3370; baseline -0.001 -21"><span class='ocrx_word' id='word_1_189' title='bbox 246 3305 354 3351; x_wconf 89' lang='lat' dir='ltr'>uersus</span> <span class='ocrx_word' id='word_1_190' title='bbox 371 3287 446 3363; x_wconf 81' lang='lat'>207,</span> <span class='ocrx_word' id='word_1_191' title='bbox 469 3286 523 3350; x_wconf 90' lang='lat' dir='ltr'>ubi</span> <span class='ocrx_word' id='word_1_192' title='bbox 542 3283 709 3369; x_wconf 79' lang='grc' dir='ltr'><strong><em>Θεράπνας</em></strong></span> <span class='ocrx_word' id='word_1_193' title='bbox 723 3285 891 3363; x_wconf 88' lang='lat' dir='ltr'>inuenitur,</span> <span class='ocrx_word' id='word_1_194' title='bbox 911 3305 1025 3350; x_wconf 91' lang='lat' dir='ltr'>uocum</span> <span class='ocrx_word' id='word_1_195' title='bbox 1046 3283 1251 3370; x_wconf 77' lang='lat' dir='ltr'>similitudine</span> <span class='ocrx_word' id='word_1_196' title='bbox 1266 3284 1420 3348; x_wconf 84' lang='lat' dir='ltr'>adductus</span> 
     </span>
     <span class='ocr_line' id='line_1_28' title="bbox 247 3388 1421 3474; baseline -0.002 -19"><span class='ocrx_word' id='word_1_197' title='bbox 247 3394 305 3467; x_wconf 85' lang='lat' dir='ltr'>est,</span> <span class='ocrx_word' id='word_1_198' title='bbox 330 3393 367 3453; x_wconf 91' lang='lat' dir='ltr'>ut</span> <span class='ocrx_word' id='word_1_199' title='bbox 389 3388 556 3474; x_wconf 73' lang='grc' dir='ltr'><em>θεράπνην</em></span> <span class='ocrx_word' id='word_1_200' title='bbox 579 3409 691 3456; x_wconf 88' lang='lat' dir='ltr'>nomen</span> <span class='ocrx_word' id='word_1_201' title='bbox 711 3391 871 3473; x_wconf 89' lang='lat' dir='ltr'>preprium</span> <span class='ocrx_word' id='word_1_202' title='bbox 895 3409 961 3455; x_wconf 88' lang='lat' dir='ltr'>csse</span> <span class='ocrx_word' id='word_1_203' title='bbox 977 3393 1111 3473; x_wconf 81' lang='lat' dir='ltr'>putaret.</span> <span class='ocrx_word' id='word_1_204' title='bbox 1144 3390 1248 3455; x_wconf 88' lang='lat' dir='ltr'>Uertit</span> <span class='ocrx_word' id='word_1_205' title='bbox 1263 3391 1347 3455; x_wconf 90' lang='lat' dir='ltr'>enim</span> <span class='ocrx_word' id='word_1_206' title='bbox 1362 3392 1421 3453; x_wconf 70' lang='grc' dir='ltr'>θε-</span> 
     </span>
     <span class='ocr_line' id='line_1_29' title="bbox 249 3491 1420 3580; baseline 0.003 -23"><span class='ocrx_word' id='word_1_207' title='bbox 249 3493 390 3580; x_wconf 75' lang='grc' dir='ltr'><em>ράπνηνε</em></span> <span class='ocrx_word' id='word_1_208' title='bbox 415 3497 607 3579; x_wconf 82' lang='lat' dir='ltr'>Therapnen.</span> <span class='ocrx_word' id='word_1_209' title='bbox 625 3495 672 3561; x_wconf 77' lang='lat' dir='ltr'>ef.</span> <span class='ocrx_word' id='word_1_210' title='bbox 686 3497 782 3562; x_wconf 85' lang='lat' dir='ltr'>etiem</span> <span class='ocrx_word' id='word_1_211' title='bbox 794 3516 918 3561; x_wconf 90' lang='lat' dir='ltr'>uersum</span> <span class='ocrx_word' id='word_1_212' title='bbox 932 3499 1006 3575; x_wconf 86' lang='grc'><strong>199,</strong></span> <span class='ocrx_word' id='word_1_213' title='bbox 1018 3491 1277 3579; x_wconf 75' lang='lat' dir='ltr'>ubi’Avrtc‘vetpu</span> <span class='ocrx_word' id='word_1_214' title='bbox 1289 3495 1420 3578; x_wconf 83' lang='lat' dir='ltr'>legitur,</span> 
     </span>
     <span class='ocr_line' id='line_1_30' title="bbox 247 3602 1421 3685; baseline 0.002 -19"><span class='ocrx_word' id='word_1_215' title='bbox 247 3602 327 3685; x_wconf 90' lang='lat' dir='ltr'>qued</span> <span class='ocrx_word' id='word_1_216' title='bbox 338 3602 621 3684; x_wconf 88' lang='lat' dir='ltr'>ncmenpreprium</span> <span class='ocrx_word' id='word_1_217' title='bbox 633 3602 784 3667; x_wconf 80' lang='lat' dir='ltr'>Cribellus</span> <span class='ocrx_word' id='word_1_218' title='bbox 796 3604 1018 3685; x_wconf 82' lang='lat' dir='ltr'>interpretatus</span> <span class='ocrx_word' id='word_1_219' title='bbox 1031 3605 1095 3667; x_wconf 88' lang='lat' dir='ltr'>est:</span> <span class='ocrx_word' id='word_1_220' title='bbox 1111 3602 1304 3682; x_wconf 87' lang='lat' dir='ltr'>„animese“.</span> <span class='ocrx_word' id='word_1_221' title='bbox 1328 3602 1421 3668; x_wconf 79' lang='lat' dir='ltr'>Talia</span> 
     </span>
     <span class='ocr_line' id='line_1_31' title="bbox 247 3707 1421 3791; baseline 0.003 -20"><span class='ocrx_word' id='word_1_222' title='bbox 247 3707 330 3772; x_wconf 82' lang='lat' dir='ltr'>haud</span> <span class='ocrx_word' id='word_1_223' title='bbox 341 3727 441 3790; x_wconf 87' lang='lat' dir='ltr'>peuce</span> <span class='ocrx_word' id='word_1_224' title='bbox 452 3709 535 3773; x_wconf 90' lang='lat' dir='ltr'>sunt.</span> <span class='ocrx_word' id='word_1_225' title='bbox 548 3745 592 3755; x_wconf 89' lang='lat'>-</span> <span class='ocrx_word' id='word_1_226' title='bbox 604 3708 649 3772; x_wconf 81' lang='lat' dir='ltr'>At</span> <span class='ocrx_word' id='word_1_227' title='bbox 663 3708 840 3773; x_wconf 85' lang='lat' dir='ltr'>Lecdrieius</span> <span class='ocrx_word' id='word_1_228' title='bbox 853 3708 1006 3774; x_wconf 80' lang='lat' dir='ltr'>Cribellus</span> <span class='ocrx_word' id='word_1_229' title='bbox 1021 3708 1084 3786; x_wconf 89' lang='lat' dir='ltr'>ubi,</span> <span class='ocrx_word' id='word_1_230' title='bbox 1100 3709 1175 3790; x_wconf 87' lang='lat' dir='ltr'>qnid</span> <span class='ocrx_word' id='word_1_231' title='bbox 1187 3708 1304 3773; x_wconf 90' lang='lat' dir='ltr'>uellent</span> <span class='ocrx_word' id='word_1_232' title='bbox 1314 3709 1421 3791; x_wconf 84' lang='lat' dir='ltr'>Arge-</span> 
     </span>
     <span class='ocr_line' id='line_1_32' title="bbox 244 3813 1421 3893; baseline 0.002 -16"><span class='ocrx_word' id='word_1_233' title='bbox 244 3815 441 3878; x_wconf 85' lang='lat' dir='ltr'>nenticcrum</span> <span class='ocrx_word' id='word_1_234' title='bbox 453 3832 571 3890; x_wconf 85' lang='lat' dir='ltr'>uersus,</span> <span class='ocrx_word' id='word_1_235' title='bbox 587 3833 648 3878; x_wconf 89' lang='lat' dir='ltr'>nen</span> <span class='ocrx_word' id='word_1_236' title='bbox 660 3814 745 3877; x_wconf 88' lang='lat' dir='ltr'>recte</span> <span class='ocrx_word' id='word_1_237' title='bbox 757 3813 924 3891; x_wconf 82' lang='lat' dir='ltr'>intellexit,</span> <span class='ocrx_word' id='word_1_238' title='bbox 943 3814 983 3879; x_wconf 90' lang='lat' dir='ltr'>iis</span> <span class='ocrx_word' id='word_1_239' title='bbox 994 3814 1073 3880; x_wconf 88' lang='lat' dir='ltr'>loeis</span> <span class='ocrx_word' id='word_1_240' title='bbox 1085 3816 1211 3880; x_wconf 84' lang='lat' dir='ltr'>coaetus</span> <span class='ocrx_word' id='word_1_241' title='bbox 1223 3816 1301 3893; x_wconf 87' lang='lat' dir='ltr'>eret,</span> <span class='ocrx_word' id='word_1_242' title='bbox 1316 3815 1353 3878; x_wconf 87' lang='lat' dir='ltr'>ut</span> <span class='ocrx_word' id='word_1_243' title='bbox 1364 3816 1421 3879; x_wconf 83' lang='lat' dir='ltr'>eut</span> 
     </span>
     <span class='ocr_line' id='line_1_33' title="bbox 240 3919 1419 3997; baseline 0.002 -15"><span class='ocrx_word' id='word_1_244' title='bbox 240 3919 342 3984; x_wconf 87' lang='lat' dir='ltr'>libere</span> <span class='ocrx_word' id='word_1_245' title='bbox 358 3939 410 3984; x_wconf 90' lang='lat' dir='ltr'>ees</span> <span class='ocrx_word' id='word_1_246' title='bbox 424 3921 570 3997; x_wconf 87' lang='lat' dir='ltr'>uerteret,</span> <span class='ocrx_word' id='word_1_247' title='bbox 588 3922 642 3985; x_wconf 85' lang='lat' dir='ltr'>eut</span> <span class='ocrx_word' id='word_1_248' title='bbox 654 3921 779 3985; x_wconf 90' lang='lat' dir='ltr'>omnino</span> <span class='ocrx_word' id='word_1_249' title='bbox 793 3921 960 3989; x_wconf 87' lang='lat' dir='ltr'>emitteret.</span> <span class='ocrx_word' id='word_1_250' title='bbox 985 3921 1054 3987; x_wconf 90' lang='lat' dir='ltr'>Hoc</span> <span class='ocrx_word' id='word_1_251' title='bbox 1066 3921 1184 3986; x_wconf 82' lang='lat' dir='ltr'>fectum</span> <span class='ocrx_word' id='word_1_252' title='bbox 1197 3939 1264 3986; x_wconf 87' lang='lat' dir='ltr'>esse</span> <span class='ocrx_word' id='word_1_253' title='bbox 1275 3921 1419 3986; x_wconf 90' lang='lat' dir='ltr'>uersibus</span> 
     </span>
    </p>
   </div>
   <div class='ocr_carea' id='block_1_3' title="bbox 338 4094 1172 4165">
    <p class='ocr_par' dir='ltr' id='par_1_4' title="bbox 338 4094 1172 4165">
     <span class='ocr_line' id='line_1_34' title="bbox 338 4094 1172 4165; baseline 0.005 -19"><span class='ocrx_word' id='word_1_254' title='bbox 338 4095 374 4162; x_wconf 73' lang='lat'>¹⁶)</span> <span class='ocrx_word' id='word_1_255' title='bbox 394 4094 427 4151; x_wconf 86' lang='lat' dir='ltr'>G.</span> <span class='ocrx_word' id='word_1_256' title='bbox 448 4094 624 4148; x_wconf 83' lang='lat' dir='ltr'>Hermennus</span> <span class='ocrx_word' id='word_1_257' title='bbox 643 4095 756 4164; x_wconf 78' lang='lat' dir='ltr'>scripsit</span> <span class='ocrx_word' id='word_1_258' title='bbox 774 4096 927 4162; x_wconf 79' lang='grc' dir='ltr'><strong><em>ἐκμάξαντο</em></strong></span> <span class='ocrx_word' id='word_1_259' title='bbox 946 4113 998 4165; x_wconf 89' lang='lat' dir='ltr'>pro</span> <span class='ocrx_word' id='word_1_260' title='bbox 1016 4096 1172 4157; x_wconf 78' lang='grc' dir='ltr'><em>ἐοτάξαγτυ.</em></span> 
     </span>
    </p>
   </div>
   <div class='ocr_carea' id='block_1_4' title="bbox 250 4182 1415 4343">
    <p class='ocr_par' dir='ltr' id='par_1_5' title="bbox 250 4182 1415 4343">
     <span class='ocr_line' id='line_1_35' title="bbox 339 4182 1415 4256; baseline 0 -19"><span class='ocrx_word' id='word_1_261' title='bbox 339 4183 379 4254; x_wconf 78' lang='lat'>¹⁶)</span> <span class='ocrx_word' id='word_1_262' title='bbox 397 4182 475 4236; x_wconf 87' lang='lat' dir='ltr'>Nihil</span> <span class='ocrx_word' id='word_1_263' title='bbox 494 4187 544 4248; x_wconf 65' lang='lat' dir='ltr'>est</span> <span class='ocrx_word' id='word_1_264' title='bbox 564 4184 637 4250; x_wconf 89' lang='lat' dir='ltr'>quod</span> <span class='ocrx_word' id='word_1_265' title='bbox 657 4199 720 4237; x_wconf 88' lang='lat' dir='ltr'>curn</span> <span class='ocrx_word' id='word_1_266' title='bbox 738 4183 840 4238; x_wconf 86' lang='lat' dir='ltr'>Wielio</span> <span class='ocrx_word' id='word_1_267' title='bbox 859 4183 952 4253; x_wconf 89' lang='lat' dir='ltr'>(Obss.</span> <span class='ocrx_word' id='word_1_268' title='bbox 971 4185 1004 4241; x_wconf 90' lang='lat' dir='ltr'>P.</span> <span class='ocrx_word' id='word_1_269' title='bbox 1023 4184 1055 4238; x_wconf 90' lang='grc' dir='ltr'><strong><em>Π</em></strong></span> <span class='ocrx_word' id='word_1_270' title='bbox 1073 4201 1138 4254; x_wconf 79' lang='lat' dir='ltr'>pag.</span> <span class='ocrx_word' id='word_1_271' title='bbox 1156 4185 1233 4256; x_wconf 63' lang='lat'>2112)</span> <span class='ocrx_word' id='word_1_272' title='bbox 1246 4183 1415 4238; x_wconf 75' lang='lat' dir='ltr'>coniciamus</span> 
     </span>
     <span class='ocr_line' id='line_1_36' title="bbox 250 4269 1127 4343; baseline 0.002 -19"><span class='ocrx_word' id='word_1_273' title='bbox 250 4269 406 4325; x_wconf 79' lang='lat' dir='ltr'>Oribellum</span> <span class='ocrx_word' id='word_1_274' title='bbox 424 4271 454 4325; x_wconf 90' lang='lat' dir='ltr'>in</span> <span class='ocrx_word' id='word_1_275' title='bbox 473 4271 568 4326; x_wconf 88' lang='lat' dir='ltr'>codice</span> <span class='ocrx_word' id='word_1_276' title='bbox 588 4287 636 4324; x_wconf 89' lang='lat' dir='ltr'>suo</span> <span class='ocrx_word' id='word_1_277' title='bbox 655 4272 756 4341; x_wconf 80' lang='lat' dir='ltr'>legisse</span> <span class='ocrx_word' id='word_1_278' title='bbox 773 4271 815 4323; x_wconf 76' lang='grc' dir='ltr'>ἐπ’</span> <span class='ocrx_word' id='word_1_279' title='bbox 837 4270 984 4343; x_wconf 71' lang='grc' dir='ltr'><strong><em>Οὐρανίους</em></strong></span> <span class='ocrx_word' id='word_1_280' title='bbox 1001 4273 1127 4335; x_wconf 65' lang='lat' dir='ltr'>vegam.</span> 
     </span>
    </p>
   </div>
   <div class='ocr_carea' id='block_1_5' title="bbox 0 0 1534 4970">
    <p class='ocr_par' dir='ltr' id='par_1_6' title="bbox 0 0 1534 4970">
     <span class='ocr_line' id='line_1_37' title="bbox 0 0 1534 4970; baseline 0 0"><span class='ocrx_word' id='word_1_281' title='bbox 0 0 1534 4970; x_wconf 95' lang='lat' dir='ltr'> </span> 
     </span>
    </p>
   </div>
  </div>
 </body>
</html>
