<?xml version="1.0" encoding="UTF-8"?>
<!DOCTYPE html PUBLIC "-//W3C//DTD XHTML 1.0 Transitional//EN"
    "http://www.w3.org/TR/xhtml1/DTD/xhtml1-transitional.dtd">
<html xmlns="http://www.w3.org/1999/xhtml" xml:lang="en" lang="en">
 <head>
  <title>
</title>
<meta http-equiv="Content-Type" content="text/html;charset=utf-8" />
  <meta name='ocr-system' content='tesseract 3.04.00' />
  <meta name='ocr-capabilities' content='ocr_page ocr_carea ocr_par ocr_line ocrx_word'/>
</head>
<body>
  <div class='ocr_page' id='page_1' title='image "./deartecriticain00hillgoog_0066.png"; bbox 0 0 3052 4970; ppageno 0'>
   <div class='ocr_carea' id='block_1_1' title="bbox 560 463 777 529">
    <p class='ocr_par' dir='ltr' id='par_1_1' title="bbox 560 463 777 529">
     <span class='ocr_line' id='line_1_1' title="bbox 560 463 777 529; baseline 0.005 -23"><span class='ocrx_word' id='word_1_1' title='bbox 560 463 777 529; x_wconf 70' lang='grc'>,61-</span> 
     </span>
    </p>
   </div>
   <div class='ocr_carea' id='block_1_2' title="bbox 75 637 1292 2952">
    <p class='ocr_par' dir='ltr' id='par_1_2' title="bbox 75 637 1292 2952">
     <span class='ocr_line' id='line_1_2' title="bbox 170 637 1291 722; baseline 0 -20"><span class='ocrx_word' id='word_1_2' title='bbox 170 638 346 704; x_wconf 88' lang='lat' dir='ltr'>Leodrisius</span> <span class='ocrx_word' id='word_1_3' title='bbox 371 637 523 703; x_wconf 83' lang='lat' dir='ltr'>Oribellus</span> <span class='ocrx_word' id='word_1_4' title='bbox 546 638 579 703; x_wconf 93' lang='lat' dir='ltr'>id</span> <span class='ocrx_word' id='word_1_5' title='bbox 602 639 736 703; x_wconf 82' lang='lat' dir='ltr'>maxime</span> <span class='ocrx_word' id='word_1_6' title='bbox 760 639 837 722; x_wconf 86' lang='lat' dir='ltr'>egit,</span> <span class='ocrx_word' id='word_1_7' title='bbox 862 641 898 702; x_wconf 93' lang='lat' dir='ltr'>ut</span> <span class='ocrx_word' id='word_1_8' title='bbox 920 639 1135 720; x_wconf 81' lang='lat' dir='ltr'>Argonautica</span> <span class='ocrx_word' id='word_1_9' title='bbox 1161 639 1255 718; x_wconf 86' lang='lat' dir='ltr'>„lati-</span> <span class='ocrx_word' id='word_1_10' title='bbox 1289 669 1291 672; x_wconf 95' lang='lat'>·</span> 
     </span>
     <span class='ocr_line' id='line_1_3' title="bbox 75 743 1254 828; baseline -0.001 -19"><span class='ocrx_word' id='word_1_11' title='bbox 75 745 180 810; x_wconf 86' lang='lat' dir='ltr'>nitate</span> <span class='ocrx_word' id='word_1_12' title='bbox 196 744 361 810; x_wconf 86' lang='lat' dir='ltr'>donaret“:</span> <span class='ocrx_word' id='word_1_13' title='bbox 386 763 464 828; x_wconf 90' lang='lat' dir='ltr'>quae</span> <span class='ocrx_word' id='word_1_14' title='bbox 481 746 513 808; x_wconf 93' lang='lat' dir='ltr'>in</span> <span class='ocrx_word' id='word_1_15' title='bbox 529 745 590 809; x_wconf 93' lang='lat' dir='ltr'>isto</span> <span class='ocrx_word' id='word_1_16' title='bbox 607 745 743 809; x_wconf 85' lang='lat' dir='ltr'>carmine</span> <span class='ocrx_word' id='word_1_17' title='bbox 759 743 953 827; x_wconf 84' lang='lat' dir='ltr'>legebantur,</span> <span class='ocrx_word' id='word_1_18' title='bbox 970 764 1007 809; x_wconf 90' lang='lat' dir='ltr'>ea</span> <span class='ocrx_word' id='word_1_19' title='bbox 1022 745 1068 808; x_wconf 89' lang='lat' dir='ltr'>ita</span> <span class='ocrx_word' id='word_1_20' title='bbox 1085 747 1254 827; x_wconf 79' lang='lat' dir='ltr'>exprimere</span> 
     </span>
     <span class='ocr_line' id='line_1_4' title="bbox 77 850 1255 934; baseline -0.001 -18"><span class='ocrx_word' id='word_1_21' title='bbox 77 850 212 927; x_wconf 78' lang='lat' dir='ltr'>studuit,</span> <span class='ocrx_word' id='word_1_22' title='bbox 237 853 273 915; x_wconf 90' lang='lat' dir='ltr'>ut</span> <span class='ocrx_word' id='word_1_23' title='bbox 296 853 400 916; x_wconf 88' lang='lat' dir='ltr'>omnia</span> <span class='ocrx_word' id='word_1_24' title='bbox 423 850 462 916; x_wconf 93' lang='lat' dir='ltr'>ad</span> <span class='ocrx_word' id='word_1_25' title='bbox 488 850 734 932; x_wconf 85' lang='lat' dir='ltr'>intellegendum</span> <span class='ocrx_word' id='word_1_26' title='bbox 747 851 853 916; x_wconf 82' lang='lat' dir='ltr'>facilia</span> <span class='ocrx_word' id='word_1_27' title='bbox 875 853 988 928; x_wconf 79' lang='lat' dir='ltr'>essent,</span> <span class='ocrx_word' id='word_1_28' title='bbox 1013 853 1045 914; x_wconf 88' lang='lat' dir='ltr'>et</span> <span class='ocrx_word' id='word_1_29' title='bbox 1068 853 1094 916; x_wconf 95' lang='lat' dir='ltr'>si</span> <span class='ocrx_word' id='word_1_30' title='bbox 1119 872 1179 934; x_wconf 89' lang='lat' dir='ltr'>qua</span> <span class='ocrx_word' id='word_1_31' title='bbox 1194 852 1255 934; x_wconf 89' lang='lat' dir='ltr'>ipsi</span> 
     </span>
     <span class='ocr_line' id='line_1_5' title="bbox 77 956 1254 1040; baseline -0.002 -19"><span class='ocrx_word' id='word_1_32' title='bbox 77 958 211 1022; x_wconf 88' lang='lat' dir='ltr'>obscura</span> <span class='ocrx_word' id='word_1_33' title='bbox 235 959 333 1033; x_wconf 87' lang='lat' dir='ltr'>erant,</span> <span class='ocrx_word' id='word_1_34' title='bbox 362 957 573 1040; x_wconf 83' lang='lat' dir='ltr'>ignorantiam</span> <span class='ocrx_word' id='word_1_35' title='bbox 597 977 686 1022; x_wconf 82' lang='lat' dir='ltr'>suem</span> <span class='ocrx_word' id='word_1_36' title='bbox 711 959 850 1023; x_wconf 85' lang='lat' dir='ltr'>oratione</span> <span class='ocrx_word' id='word_1_37' title='bbox 871 957 971 1022; x_wconf 82' lang='lat' dir='ltr'>latina</span> <span class='ocrx_word' id='word_1_38' title='bbox 995 956 1095 1021; x_wconf 82' lang='lat' dir='ltr'>celare</span> <span class='ocrx_word' id='word_1_39' title='bbox 1127 957 1254 1020; x_wconf 87' lang='lat' dir='ltr'>conatus</span> 
     </span>
     <span class='ocr_line' id='line_1_6' title="bbox 77 1062 1253 1147; baseline -0.002 -19"><span class='ocrx_word' id='word_1_40' title='bbox 77 1066 138 1128; x_wconf 87' lang='lat' dir='ltr'>est.</span> <span class='ocrx_word' id='word_1_41' title='bbox 173 1063 242 1128; x_wconf 89' lang='lat' dir='ltr'>Hoc</span> <span class='ocrx_word' id='word_1_42' title='bbox 264 1066 333 1128; x_wconf 87' lang='lat' dir='ltr'>tum</span> <span class='ocrx_word' id='word_1_43' title='bbox 357 1064 505 1147; x_wconf 91' lang='lat' dir='ltr'>temporis</span> <span class='ocrx_word' id='word_1_44' title='bbox 529 1064 597 1128; x_wconf 88' lang='lat' dir='ltr'>lieri</span> <span class='ocrx_word' id='word_1_45' title='bbox 621 1064 749 1129; x_wconf 75' lang='lat' dir='ltr'>solebat.</span> <span class='ocrx_word' id='word_1_46' title='bbox 786 1064 854 1143; x_wconf 79' lang='lat' dir='ltr'>Qua</span> <span class='ocrx_word' id='word_1_47' title='bbox 877 1064 915 1128; x_wconf 91' lang='lat' dir='ltr'>de</span> <span class='ocrx_word' id='word_1_48' title='bbox 934 1084 968 1128; x_wconf 91' lang='lat' dir='ltr'>re</span> <span class='ocrx_word' id='word_1_49' title='bbox 992 1062 1131 1129; x_wconf 85' lang='lat' dir='ltr'>conferas</span> <span class='ocrx_word' id='word_1_50' title='bbox 1147 1062 1253 1140; x_wconf 86' lang='lat' dir='ltr'>uelim,</span> 
     </span>
     <span class='ocr_line' id='line_1_7' title="bbox 77 1169 1252 1253; baseline 0 -20"><span class='ocrx_word' id='word_1_51' title='bbox 77 1189 159 1252; x_wconf 89' lang='lat' dir='ltr'>quae</span> <span class='ocrx_word' id='word_1_52' title='bbox 177 1169 376 1252; x_wconf 88' lang='lat' dir='ltr'>protulerunt</span> <span class='ocrx_word' id='word_1_53' title='bbox 395 1170 432 1235; x_wconf 80' lang='lat' dir='ltr'>G.</span> <span class='ocrx_word' id='word_1_54' title='bbox 460 1170 556 1253; x_wconf 85' lang='lat' dir='ltr'>Voigt</span> <span class='ocrx_word' id='word_1_55' title='bbox 574 1170 858 1253; x_wconf 84' lang='lat' dir='ltr'>Wiederbelebung</span> <span class='ocrx_word' id='word_1_56' title='bbox 881 1170 943 1236; x_wconf 89' lang='lat' dir='ltr'>uol.</span> <span class='ocrx_word' id='word_1_57' title='bbox 968 1172 998 1235; x_wconf 90' lang='grc' dir='ltr'>ΙΙ</span> <span class='ocrx_word' id='word_1_58' title='bbox 1021 1190 1092 1253; x_wconf 84' lang='lat' dir='ltr'>pag.</span> <span class='ocrx_word' id='word_1_59' title='bbox 1119 1172 1180 1238; x_wconf 89' lang='grc'>161</span> <span class='ocrx_word' id='word_1_60' title='bbox 1207 1189 1252 1252; x_wconf 89' lang='lat' dir='ltr'>sq.</span> 
     </span>
     <span class='ocr_line' id='line_1_8' title="bbox 77 1276 1255 1360; baseline -0.002 -19"><span class='ocrx_word' id='word_1_61' title='bbox 77 1280 112 1341; x_wconf 86' lang='lat' dir='ltr'>ct</span> <span class='ocrx_word' id='word_1_62' title='bbox 135 1278 180 1342; x_wconf 86' lang='lat' dir='ltr'>Io.</span> <span class='ocrx_word' id='word_1_63' title='bbox 204 1276 325 1342; x_wconf 82' lang='lat' dir='ltr'>Vahlen</span> <span class='ocrx_word' id='word_1_64' title='bbox 341 1277 374 1341; x_wconf 92' lang='lat' dir='ltr'>in</span> <span class='ocrx_word' id='word_1_65' title='bbox 398 1277 457 1342; x_wconf 88' lang='lat' dir='ltr'>den</span> <span class='ocrx_word' id='word_1_66' title='bbox 480 1277 788 1360; x_wconf 85' lang='lat' dir='ltr'>Sitzungsberichten</span> <span class='ocrx_word' id='word_1_67' title='bbox 812 1277 866 1342; x_wconf 87' lang='lat' dir='ltr'>der</span> <span class='ocrx_word' id='word_1_68' title='bbox 880 1277 1048 1359; x_wconf 87' lang='lat' dir='ltr'>phil-hist.</span> <span class='ocrx_word' id='word_1_69' title='bbox 1065 1277 1177 1341; x_wconf 87' lang='lat' dir='ltr'>Klasse</span> <span class='ocrx_word' id='word_1_70' title='bbox 1201 1277 1255 1340; x_wconf 84' lang='lat' dir='ltr'>der</span> 
     </span>
     <span class='ocr_line' id='line_1_9' title="bbox 77 1381 1253 1466; baseline 0.004 -20"><span class='ocrx_word' id='word_1_71' title='bbox 77 1381 206 1448; x_wconf 85' lang='lat' dir='ltr'>kaiserl.</span> <span class='ocrx_word' id='word_1_72' title='bbox 230 1381 401 1447; x_wconf 85' lang='lat' dir='ltr'>Ahademie</span> <span class='ocrx_word' id='word_1_73' title='bbox 426 1382 479 1448; x_wconf 92' lang='lat' dir='ltr'>der</span> <span class='ocrx_word' id='word_1_74' title='bbox 498 1382 769 1447; x_wconf 75' lang='lat' dir='ltr'>wissenschaften</span> <span class='ocrx_word' id='word_1_75' title='bbox 792 1402 830 1446; x_wconf 87' lang='lat' dir='ltr'>nu</span> <span class='ocrx_word' id='word_1_76' title='bbox 846 1384 940 1448; x_wconf 87' lang='lat' dir='ltr'>Wien</span> <span class='ocrx_word' id='word_1_77' title='bbox 963 1383 1025 1448; x_wconf 89' lang='lat' dir='ltr'>nol.</span> <span class='ocrx_word' id='word_1_78' title='bbox 1043 1381 1123 1446; x_wconf 84' lang='lat' dir='ltr'>LXI</span> <span class='ocrx_word' id='word_1_79' title='bbox 1138 1381 1253 1466; x_wconf 82' lang='grc'>(1869)</span> 
     </span>
     <span class='ocr_line' id='line_1_10' title="bbox 77 1479 1254 1572; baseline -0.002 -20"><span class='ocrx_word' id='word_1_80' title='bbox 77 1507 153 1571; x_wconf 82' lang='lat' dir='ltr'>pag.</span> <span class='ocrx_word' id='word_1_81' title='bbox 172 1491 224 1556; x_wconf 82' lang='grc'>15.</span> <span class='ocrx_word' id='word_1_82' title='bbox 256 1491 297 1552; x_wconf 80' lang='lat' dir='ltr'>lit</span> <span class='ocrx_word' id='word_1_83' title='bbox 320 1491 448 1572; x_wconf 84' lang='lat' dir='ltr'>apparet</span> <span class='ocrx_word' id='word_1_84' title='bbox 474 1509 510 1554; x_wconf 84' lang='lat' dir='ltr'>ex</span> <span class='ocrx_word' id='word_1_85' title='bbox 533 1492 599 1554; x_wconf 89' lang='grc'>1111</span> <span class='ocrx_word' id='word_1_86' title='bbox 631 1491 771 1554; x_wconf 87' lang='grc'>11111111</span> <span class='ocrx_word' id='word_1_87' title='bbox 796 1488 966 1554; x_wconf 79' lang='lat' dir='ltr'>Oribellum</span> <span class='ocrx_word' id='word_1_88' title='bbox 988 1479 1154 1572; x_wconf 70' lang='lat' dir='ltr'>praecipue</span> <span class='ocrx_word' id='word_1_89' title='bbox 1185 1482 1254 1552; x_wconf 85' lang='lat' dir='ltr'>sen·</span> 
     </span>
     <span class='ocr_line' id='line_1_11' title="bbox 77 1595 1254 1678; baseline 0.001 -20"><span class='ocrx_word' id='word_1_90' title='bbox 77 1596 196 1660; x_wconf 80' lang='lat' dir='ltr'>tertias</span> <span class='ocrx_word' id='word_1_91' title='bbox 219 1596 253 1659; x_wconf 94' lang='lat' dir='ltr'>in</span> <span class='ocrx_word' id='word_1_92' title='bbox 268 1595 552 1678; x_wconf 85' lang='lat' dir='ltr'>Argonauticorum</span> <span class='ocrx_word' id='word_1_93' title='bbox 574 1597 717 1661; x_wconf 90' lang='lat' dir='ltr'>uersibus</span> <span class='ocrx_word' id='word_1_94' title='bbox 738 1598 895 1660; x_wconf 82' lang='lat' dir='ltr'>exstantes</span> <span class='ocrx_word' id='word_1_95' title='bbox 918 1595 1046 1660; x_wconf 86' lang='lat' dir='ltr'>reddere</span> <span class='ocrx_word' id='word_1_96' title='bbox 1069 1614 1168 1678; x_wconf 88' lang='lat' dir='ltr'>neque</span> <span class='ocrx_word' id='word_1_97' title='bbox 1184 1614 1254 1659; x_wconf 91' lang='lat' dir='ltr'>uer-</span> 
     </span>
     <span class='ocr_line' id='line_1_12' title="bbox 76 1701 1254 1786; baseline 0.003 -22"><span class='ocrx_word' id='word_1_98' title='bbox 76 1702 155 1765; x_wconf 87' lang='lat' dir='ltr'>bum</span> <span class='ocrx_word' id='word_1_99' title='bbox 178 1705 306 1768; x_wconf 89' lang='lat' dir='ltr'>euerbo</span> <span class='ocrx_word' id='word_1_100' title='bbox 330 1704 501 1786; x_wconf 83' lang='lat' dir='ltr'>exprimere</span> <span class='ocrx_word' id='word_1_101' title='bbox 517 1703 662 1770; x_wconf 89' lang='lat' dir='ltr'>uoluisse.</span> <span class='ocrx_word' id='word_1_102' title='bbox 700 1701 926 1786; x_wconf 82' lang='lat' dir='ltr'>Saepenumero</span> <span class='ocrx_word' id='word_1_103' title='bbox 944 1704 1028 1766; x_wconf 91' lang='lat' dir='ltr'>enim</span> <span class='ocrx_word' id='word_1_104' title='bbox 1051 1704 1254 1786; x_wconf 76' lang='lat' dir='ltr'>interpretem</span> 
     </span>
     <span class='ocr_line' id='line_1_13' title="bbox 77 1809 1252 1892; baseline 0.001 -20"><span class='ocrx_word' id='word_1_105' title='bbox 77 1809 290 1873; x_wconf 88' lang='lat' dir='ltr'>animaduerti</span> <span class='ocrx_word' id='word_1_106' title='bbox 324 1809 420 1875; x_wconf 92' lang='lat' dir='ltr'>aliam</span> <span class='ocrx_word' id='word_1_107' title='bbox 453 1829 520 1874; x_wconf 91' lang='lat' dir='ltr'>rem</span> <span class='ocrx_word' id='word_1_108' title='bbox 543 1809 719 1891; x_wconf 92' lang='lat' dir='ltr'>simplicem</span> <span class='ocrx_word' id='word_1_109' title='bbox 753 1809 928 1874; x_wconf 83' lang='lat' dir='ltr'>elocutione</span> <span class='ocrx_word' id='word_1_110' title='bbox 964 1810 1252 1892; x_wconf 87' lang='lat' dir='ltr'>circumscripsisse,</span> 
     </span>
     <span class='ocr_line' id='line_1_14' title="bbox 77 1915 1253 1999; baseline 0.001 -20"><span class='ocrx_word' id='word_1_111' title='bbox 77 1915 176 1980; x_wconf 84' lang='lat' dir='ltr'>sliam</span> <span class='ocrx_word' id='word_1_112' title='bbox 197 1935 259 1980; x_wconf 92' lang='lat' dir='ltr'>uno</span> <span class='ocrx_word' id='word_1_113' title='bbox 276 1917 434 1982; x_wconf 73' lang='grc'>’11111111</span> <span class='ocrx_word' id='word_1_114' title='bbox 451 1917 728 1999; x_wconf 87' lang='lat' dir='ltr'>comprehendisse.</span> <span class='ocrx_word' id='word_1_115' title='bbox 768 1917 872 1998; x_wconf 82' lang='lat' dir='ltr'>Atque</span> <span class='ocrx_word' id='word_1_116' title='bbox 888 1916 956 1993; x_wconf 89' lang='lat' dir='ltr'>hoc,</span> <span class='ocrx_word' id='word_1_117' title='bbox 981 1915 1062 1998; x_wconf 91' lang='lat' dir='ltr'>quod</span> <span class='ocrx_word' id='word_1_118' title='bbox 1078 1935 1150 1979; x_wconf 90' lang='lat' dir='ltr'>eum</span> <span class='ocrx_word' id='word_1_119' title='bbox 1165 1917 1253 1980; x_wconf 87' lang='lat' dir='ltr'>tene-</span> 
     </span>
     <span class='ocr_line' id='line_1_15' title="bbox 78 2021 1253 2106; baseline 0.003 -22"><span class='ocrx_word' id='word_1_120' title='bbox 78 2023 145 2099; x_wconf 81' lang='lat' dir='ltr'>bat,</span> <span class='ocrx_word' id='word_1_121' title='bbox 163 2021 302 2086; x_wconf 89' lang='lat' dir='ltr'>studium</span> <span class='ocrx_word' id='word_1_122' title='bbox 317 2022 542 2105; x_wconf 88' lang='lat' dir='ltr'>interpretandi</span> <span class='ocrx_word' id='word_1_123' title='bbox 556 2023 608 2087; x_wconf 93' lang='lat' dir='ltr'>uel</span> <span class='ocrx_word' id='word_1_124' title='bbox 621 2023 794 2105; x_wconf 85' lang='lat' dir='ltr'>explicandi</span> <span class='ocrx_word' id='word_1_125' title='bbox 806 2023 960 2106; x_wconf 89' lang='lat' dir='ltr'>imprimis</span> <span class='ocrx_word' id='word_1_126' title='bbox 972 2022 1085 2100; x_wconf 89' lang='lat' dir='ltr'>effecit,</span> <span class='ocrx_word' id='word_1_127' title='bbox 1106 2024 1142 2086; x_wconf 90' lang='lat' dir='ltr'>ut</span> <span class='ocrx_word' id='word_1_128' title='bbox 1156 2022 1253 2087; x_wconf 91' lang='lat' dir='ltr'>libere</span> 
     </span>
     <span class='ocr_line' id='line_1_16' title="bbox 78 2110 1292 2212; baseline 0.002 -22"><span class='ocrx_word' id='word_1_129' title='bbox 78 2127 199 2210; x_wconf 76' lang='lat' dir='ltr'>Orphei,</span> <span class='ocrx_word' id='word_1_130' title='bbox 222 2130 434 2212; x_wconf 87' lang='lat' dir='ltr'>Argonautica</span> <span class='ocrx_word' id='word_1_131' title='bbox 457 2129 611 2204; x_wconf 65' lang='lat' dir='ltr'>uerteret3</span> <span class='ocrx_word' id='word_1_132' title='bbox 641 2147 735 2211; x_wconf 85' lang='lat' dir='ltr'>quere</span> <span class='ocrx_word' id='word_1_133' title='bbox 757 2129 948 2212; x_wconf 89' lang='lat' dir='ltr'>prohibetur,</span> <span class='ocrx_word' id='word_1_134' title='bbox 974 2129 1149 2212; x_wconf 89' lang='lat' dir='ltr'>quominus,</span> <span class='ocrx_word' id='word_1_135' title='bbox 1174 2149 1253 2211; x_wconf 82' lang='lat' dir='ltr'>queo</span> <span class='ocrx_word' id='word_1_136' title='bbox 1288 2110 1292 2117; x_wconf 40' lang='lat'>¹</span> 
     </span>
     <span class='ocr_line' id='line_1_17' title="bbox 78 2234 1253 2320; baseline 0.001 -22"><span class='ocrx_word' id='word_1_137' title='bbox 78 2234 254 2317; x_wconf 82' lang='lat' dir='ltr'>scripturae</span> <span class='ocrx_word' id='word_1_138' title='bbox 284 2237 316 2300; x_wconf 93' lang='lat' dir='ltr'>in</span> <span class='ocrx_word' id='word_1_139' title='bbox 347 2234 474 2301; x_wconf 79' lang='lat' dir='ltr'>Oribelli</span> <span class='ocrx_word' id='word_1_140' title='bbox 496 2237 600 2301; x_wconf 89' lang='lat' dir='ltr'>codice</span> <span class='ocrx_word' id='word_1_141' title='bbox 623 2236 748 2313; x_wconf 85' lang='lat' dir='ltr'>fuerint,</span> <span class='ocrx_word' id='word_1_142' title='bbox 766 2237 891 2319; x_wconf 91' lang='lat' dir='ltr'>liquido</span> <span class='ocrx_word' id='word_1_143' title='bbox 919 2255 1152 2320; x_wconf 85' lang='lat' dir='ltr'>cognoscamus.</span> <span class='ocrx_word' id='word_1_144' title='bbox 1193 2235 1253 2301; x_wconf 83' lang='lat' dir='ltr'>Sed</span> 
     </span>
     <span class='ocr_line' id='line_1_18' title="bbox 77 2342 1252 2425; baseline 0.003 -22"><span class='ocrx_word' id='word_1_145' title='bbox 77 2342 188 2414; x_wconf 84' lang='lat' dir='ltr'>restat,</span> <span class='ocrx_word' id='word_1_146' title='bbox 224 2344 259 2406; x_wconf 92' lang='lat' dir='ltr'>ut</span> <span class='ocrx_word' id='word_1_147' title='bbox 280 2342 443 2408; x_wconf 90' lang='lat' dir='ltr'>nonnullos</span> <span class='ocrx_word' id='word_1_148' title='bbox 469 2342 624 2425; x_wconf 83' lang='lat' dir='ltr'>proferam</span> <span class='ocrx_word' id='word_1_149' title='bbox 647 2343 798 2406; x_wconf 88' lang='lat' dir='ltr'>uersionis</span> <span class='ocrx_word' id='word_1_150' title='bbox 828 2342 921 2419; x_wconf 89' lang='lat' dir='ltr'>locos,</span> <span class='ocrx_word' id='word_1_151' title='bbox 958 2359 1035 2424; x_wconf 86' lang='lat' dir='ltr'>quos</span> <span class='ocrx_word' id='word_1_152' title='bbox 1066 2343 1092 2405; x_wconf 94' lang='lat' dir='ltr'>si</span> <span class='ocrx_word' id='word_1_153' title='bbox 1127 2361 1252 2424; x_wconf 90' lang='lat' dir='ltr'>compa-</span> 
     </span>
     <span class='ocr_line' id='line_1_19' title="bbox 77 2447 1252 2536; baseline 0.004 -28"><span class='ocrx_word' id='word_1_154' title='bbox 77 2447 199 2510; x_wconf 85' lang='lat' dir='ltr'>raueris</span> <span class='ocrx_word' id='word_1_155' title='bbox 222 2465 294 2511; x_wconf 91' lang='lat' dir='ltr'>cum</span> <span class='ocrx_word' id='word_1_156' title='bbox 309 2449 431 2530; x_wconf 82' lang='lat' dir='ltr'>graecis</span> <span class='ocrx_word' id='word_1_157' title='bbox 454 2448 569 2526; x_wconf 83' lang='lat' dir='ltr'>uerbis,</span> <span class='ocrx_word' id='word_1_158' title='bbox 592 2450 789 2531; x_wconf 88' lang='lat' dir='ltr'>perspectum</span> <span class='ocrx_word' id='word_1_159' title='bbox 812 2450 926 2513; x_wconf 90' lang='lat' dir='ltr'>habeas</span> <span class='ocrx_word' id='word_1_160' title='bbox 945 2447 1026 2536; x_wconf 88' lang='lat' dir='ltr'>illud</span> <span class='ocrx_word' id='word_1_161' title='bbox 1049 2467 1172 2512; x_wconf 82' lang='lat' dir='ltr'>carmen</span> <span class='ocrx_word' id='word_1_162' title='bbox 1193 2448 1252 2513; x_wconf 90' lang='lat' dir='ltr'>Or·</span> 
     </span>
     <span class='ocr_line' id='line_1_20' title="bbox 77 2552 1251 2637; baseline 0.004 -23"><span class='ocrx_word' id='word_1_163' title='bbox 77 2553 207 2632; x_wconf 89' lang='lat' dir='ltr'>phicum</span> <span class='ocrx_word' id='word_1_164' title='bbox 229 2573 339 2636; x_wconf 83' lang='lat' dir='ltr'>perum</span> <span class='ocrx_word' id='word_1_165' title='bbox 363 2554 401 2618; x_wconf 89' lang='lat' dir='ltr'>ad</span> <span class='ocrx_word' id='word_1_166' title='bbox 424 2556 555 2619; x_wconf 89' lang='lat' dir='ltr'>uerbum</span> <span class='ocrx_word' id='word_1_167' title='bbox 577 2555 610 2617; x_wconf 94' lang='lat' dir='ltr'>in</span> <span class='ocrx_word' id='word_1_168' title='bbox 632 2552 774 2637; x_wconf 84' lang='lat' dir='ltr'>linguam</span> <span class='ocrx_word' id='word_1_169' title='bbox 804 2554 936 2619; x_wconf 88' lang='lat' dir='ltr'>latinam</span> <span class='ocrx_word' id='word_1_170' title='bbox 959 2555 1147 2619; x_wconf 86' lang='lat' dir='ltr'>translatum</span> <span class='ocrx_word' id='word_1_171' title='bbox 1174 2574 1251 2619; x_wconf 92' lang='lat' dir='ltr'>esse.</span> 
     </span>
     <span class='ocr_line' id='line_1_21' title="bbox 78 2659 1253 2743; baseline 0.004 -23"><span class='ocrx_word' id='word_1_172' title='bbox 78 2659 199 2722; x_wconf 89' lang='lat' dir='ltr'>Ponam</span> <span class='ocrx_word' id='word_1_173' title='bbox 223 2679 296 2724; x_wconf 92' lang='lat' dir='ltr'>uero</span> <span class='ocrx_word' id='word_1_174' title='bbox 320 2679 429 2725; x_wconf 87' lang='lat' dir='ltr'>uersus</span> <span class='ocrx_word' id='word_1_175' title='bbox 460 2661 565 2742; x_wconf 82' lang='lat' dir='ltr'>graeci</span> <span class='ocrx_word' id='word_1_176' title='bbox 587 2661 741 2743; x_wconf 74' lang='lat' dir='ltr'>poematis</span> <span class='ocrx_word' id='word_1_177' title='bbox 764 2660 816 2724; x_wconf 90' lang='lat' dir='ltr'>uel</span> <span class='ocrx_word' id='word_1_178' title='bbox 846 2661 1043 2725; x_wconf 89' lang='lat' dir='ltr'>hemistichia</span> <span class='ocrx_word' id='word_1_179' title='bbox 1070 2660 1122 2724; x_wconf 90' lang='lat' dir='ltr'>uel</span> <span class='ocrx_word' id='word_1_180' title='bbox 1157 2662 1253 2725; x_wconf 86' lang='lat' dir='ltr'>uerba</span> 
     </span>
     <span class='ocr_line' id='line_1_22' title="bbox 78 2763 1252 2850; baseline 0.003 -24"><span class='ocrx_word' id='word_1_181' title='bbox 78 2763 162 2828; x_wconf 86' lang='lat' dir='ltr'>inter</span> <span class='ocrx_word' id='word_1_182' title='bbox 191 2783 225 2830; x_wconf 90' lang='lat' dir='ltr'>se</span> <span class='ocrx_word' id='word_1_183' title='bbox 256 2767 452 2831; x_wconf 89' lang='lat' dir='ltr'>cohaerentia</span> <span class='ocrx_word' id='word_1_184' title='bbox 478 2768 578 2849; x_wconf 91' lang='lat' dir='ltr'>iisque</span> <span class='ocrx_word' id='word_1_185' title='bbox 609 2768 797 2850; x_wconf 86' lang='lat' dir='ltr'>subiungam</span> <span class='ocrx_word' id='word_1_186' title='bbox 823 2767 976 2832; x_wconf 85' lang='lat' dir='ltr'>Leodrisii</span> <span class='ocrx_word' id='word_1_187' title='bbox 1000 2766 1128 2831; x_wconf 78' lang='lat' dir='ltr'>Cribelli</span> <span class='ocrx_word' id='word_1_188' title='bbox 1155 2767 1252 2830; x_wconf 89' lang='lat' dir='ltr'>inter-</span> 
     </span>
     <span class='ocr_line' id='line_1_23' title="bbox 77 2871 454 2952; baseline 0.013 -18"><span class='ocrx_word' id='word_1_189' title='bbox 77 2871 285 2952; x_wconf 84' lang='lat' dir='ltr'>pretationem</span> <span class='ocrx_word' id='word_1_190' title='bbox 314 2873 454 2940; x_wconf 86' lang='lat' dir='ltr'>latinam.</span> 
     </span>
    </p>
   </div>
   <div class='ocr_carea' id='block_1_3' title="bbox 78 2993 558 3185">
    <p class='ocr_par' dir='ltr' id='par_1_3' title="bbox 78 2993 558 3185">
     <span class='ocr_line' id='line_1_24' title="bbox 78 2993 558 3076; baseline 0.008 -20"><span class='ocrx_word' id='word_1_191' title='bbox 78 3013 110 3057; x_wconf 84' lang='grc'>1.</span> <span class='ocrx_word' id='word_1_192' title='bbox 157 2997 177 3062; x_wconf 89' lang='grc'><strong>3</strong></span> <span class='ocrx_word' id='word_1_193' title='bbox 215 2995 305 3071; x_wconf 81' lang='grc' dir='ltr'><strong><em>κλέος</em></strong></span> <span class='ocrx_word' id='word_1_194' title='bbox 329 2993 448 3061; x_wconf 71' lang='grc' dir='ltr'><strong><em>ἐσθλὸν</em></strong></span> <span class='ocrx_word' id='word_1_195' title='bbox 555 3073 558 3076; x_wconf 72' lang='lat'>.</span> 
     </span>
     <span class='ocr_line' id='line_1_25' title="bbox 211 3102 475 3185; baseline 0.008 -20"><span class='ocrx_word' id='word_1_196' title='bbox 211 3103 351 3185; x_wconf 86' lang='lat' dir='ltr'>praemia</span> <span class='ocrx_word' id='word_1_197' title='bbox 373 3102 475 3168; x_wconf 82' lang='lat' dir='ltr'>famae</span> 
     </span>
    </p>
   </div>
   <div class='ocr_carea' id='block_1_4' title="bbox 76 3217 524 3397">
    <p class='ocr_par' dir='ltr' id='par_1_4' title="bbox 76 3217 524 3397">
     <span class='ocr_line' id='line_1_26' title="bbox 76 3217 524 3310; baseline 0 -22"><span class='ocrx_word' id='word_1_198' title='bbox 76 3244 108 3288; x_wconf 92' lang='lat' dir='ltr'>u.</span> <span class='ocrx_word' id='word_1_199' title='bbox 136 3226 177 3293; x_wconf 83' lang='lat'>16</span> <span class='ocrx_word' id='word_1_200' title='bbox 212 3217 383 3309; x_wconf 77' lang='grc' dir='ltr'><strong><em>ὁπλότεροι</em></strong></span> <span class='ocrx_word' id='word_1_201' title='bbox 404 3229 524 3310; x_wconf 81' lang='grc' dir='ltr'><strong><em>βροτοί·</em></strong></span> 
     </span>
     <span class='ocr_line' id='line_1_27' title="bbox 211 3333 311 3397; baseline 0.03 -3"><span class='ocrx_word' id='word_1_202' title='bbox 211 3333 311 3397; x_wconf 88' lang='lat' dir='ltr'>nostri</span> 
     </span>
    </p>
   </div>
   <div class='ocr_carea' id='block_1_5' title="bbox 77 3444 1041 4338">
    <p class='ocr_par' dir='ltr' id='par_1_5' title="bbox 78 3444 1041 3654">
     <span class='ocr_line' id='line_1_28' title="bbox 78 3444 922 3543; baseline 0.004 -25"><span class='ocrx_word' id='word_1_203' title='bbox 78 3474 111 3522; x_wconf 88' lang='lat' dir='ltr'>u.</span> <span class='ocrx_word' id='word_1_204' title='bbox 136 3457 179 3525; x_wconf 89' lang='lat'>30</span> <span class='ocrx_word' id='word_1_205' title='bbox 213 3455 269 3518; x_wconf 82' lang='grc' dir='ltr'>καὶ</span> <span class='ocrx_word' id='word_1_206' title='bbox 288 3451 463 3543; x_wconf 80' lang='grc' dir='ltr'>Ἀὁωναίην</span> <span class='ocrx_word' id='word_1_207' title='bbox 483 3453 673 3543; x_wconf 77' lang='grc' dir='ltr'><em>Ἀφροδίτην</em></span> <span class='ocrx_word' id='word_1_208' title='bbox 695 3444 752 3542; x_wconf 81' lang='lat' dir='ltr'>(sc.</span> <span class='ocrx_word' id='word_1_209' title='bbox 776 3455 922 3541; x_wconf 85' lang='lat' dir='ltr'>laudabo)</span> 
     </span>
     <span class='ocr_line' id='line_1_29' title="bbox 154 3561 1041 3654; baseline -0.002 -26"><span class='ocrx_word' id='word_1_210' title='bbox 154 3624 156 3628; x_wconf 79' lang='grc'>,</span> <span class='ocrx_word' id='word_1_211' title='bbox 214 3563 367 3629; x_wconf 84' lang='lat' dir='ltr'>Uenerem</span> <span class='ocrx_word' id='word_1_212' title='bbox 388 3565 425 3628; x_wconf 91' lang='lat' dir='ltr'>ut</span> <span class='ocrx_word' id='word_1_213' title='bbox 448 3564 567 3628; x_wconf 87' lang='lat' dir='ltr'>amauit</span> <span class='ocrx_word' id='word_1_214' title='bbox 589 3563 708 3628; x_wconf 84' lang='lat' dir='ltr'>Adonis</span> <span class='ocrx_word' id='word_1_215' title='bbox 732 3561 788 3648; x_wconf 85' lang='lat' dir='ltr'>(sc.</span> <span class='ocrx_word' id='word_1_216' title='bbox 813 3562 930 3654; x_wconf 83' lang='lat' dir='ltr'>dicam)</span> <span class='ocrx_word' id='word_1_217' title='bbox 1034 3569 1041 3582; x_wconf 90' lang='lat'>&#39;</span> 
     </span>
    </p>

    <p class='ocr_par' dir='ltr' id='par_1_6' title="bbox 77 3680 807 3772">
     <span class='ocr_line' id='line_1_30' title="bbox 77 3680 807 3772; baseline -0.001 -22"><span class='ocrx_word' id='word_1_218' title='bbox 77 3706 108 3751; x_wconf 89' lang='lat' dir='ltr'>u.</span> <span class='ocrx_word' id='word_1_219' title='bbox 133 3689 178 3756; x_wconf 82' lang='lat'>60</span> <span class='ocrx_word' id='word_1_220' title='bbox 211 3683 229 3751; x_wconf 69' lang='lat' dir='ltr'>b*</span> <span class='ocrx_word' id='word_1_221' title='bbox 253 3685 281 3749; x_wconf 82' lang='grc' dir='ltr'>δ’</span> <span class='ocrx_word' id='word_1_222' title='bbox 305 3680 349 3763; x_wconf 82' lang='grc' dir='ltr'>ὡς</span> <span class='ocrx_word' id='word_1_223' title='bbox 372 3685 465 3750; x_wconf 74' lang='lat' dir='ltr'>alden</span> <span class='ocrx_word' id='word_1_224' title='bbox 487 3684 617 3768; x_wconf 73' lang='grc' dir='ltr'><strong><em>ἕκνομον</em></strong></span> <span class='ocrx_word' id='word_1_225' title='bbox 640 3682 753 3772; x_wconf 77' lang='grc' dir='ltr'>αὖὸή1;</span> <span class='ocrx_word' id='word_1_226' title='bbox 800 3693 807 3704; x_wconf 86' lang='grc'><strong>”</strong></span> 
     </span>
    </p>

    <p class='ocr_par' dir='ltr' id='par_1_7' title="bbox 78 3791 829 4004">
     <span class='ocr_line' id='line_1_31' title="bbox 214 3791 829 3880; baseline -0.002 -22"><span class='ocrx_word' id='word_1_227' title='bbox 214 3792 268 3858; x_wconf 93' lang='lat' dir='ltr'>sed</span> <span class='ocrx_word' id='word_1_228' title='bbox 291 3813 351 3859; x_wconf 85' lang='lat' dir='ltr'>uox</span> <span class='ocrx_word' id='word_1_229' title='bbox 373 3795 409 3858; x_wconf 90' lang='grc'>11</span> <span class='ocrx_word' id='word_1_230' title='bbox 431 3793 563 3877; x_wconf 86' lang='lat' dir='ltr'>perculit</span> <span class='ocrx_word' id='word_1_231' title='bbox 586 3812 675 3858; x_wconf 85' lang='lat' dir='ltr'>aures</span> <span class='ocrx_word' id='word_1_232' title='bbox 698 3791 706 3880; x_wconf 73' lang='lat' dir='ltr'>ll</span> <span class='ocrx_word' id='word_1_233' title='bbox 729 3793 829 3876; x_wconf 89' lang='lat' dir='ltr'>Impia</span> 
     </span>
     <span class='ocr_line' id='line_1_32' title="bbox 78 3913 733 4004; baseline 0 -22"><span class='ocrx_word' id='word_1_234' title='bbox 78 3937 109 3983; x_wconf 77' lang='lat' dir='ltr'>u·</span> <span class='ocrx_word' id='word_1_235' title='bbox 135 3919 177 3986; x_wconf 87' lang='grc'>69</span> <span class='ocrx_word' id='word_1_236' title='bbox 211 3921 341 4003; x_wconf 78' lang='grc' dir='ltr'><strong><em>τρίβους</em></strong></span> <span class='ocrx_word' id='word_1_237' title='bbox 363 3915 391 3980; x_wconf 79' lang='grc' dir='ltr'>δ’</span> <span class='ocrx_word' id='word_1_238' title='bbox 415 3913 530 4004; x_wconf 58' lang='lat' dir='ltr'>dcccco</span> <span class='ocrx_word' id='word_1_239' title='bbox 553 3915 733 4004; x_wconf 72' lang='grc' dir='ltr'><strong><em>θαλάσσης.</em></strong></span> 
     </span>
    </p>

    <p class='ocr_par' dir='ltr' id='par_1_8' title="bbox 78 4023 807 4233">
     <span class='ocr_line' id='line_1_33' title="bbox 214 4023 807 4108; baseline -0.003 -19"><span class='ocrx_word' id='word_1_240' title='bbox 214 4026 246 4090; x_wconf 82' lang='grc'>11</span> <span class='ocrx_word' id='word_1_241' title='bbox 268 4023 360 4108; x_wconf 90' lang='lat' dir='ltr'>pleno</span> <span class='ocrx_word' id='word_1_242' title='bbox 383 4025 485 4089; x_wconf 91' lang='lat' dir='ltr'>tenuit</span> <span class='ocrx_word' id='word_1_243' title='bbox 508 4045 564 4090; x_wconf 91' lang='lat' dir='ltr'>sna</span> <span class='ocrx_word' id='word_1_244' title='bbox 586 4023 693 4090; x_wconf 90' lang='lat' dir='ltr'>littora</span> <span class='ocrx_word' id='word_1_245' title='bbox 717 4043 807 4088; x_wconf 90' lang='lat' dir='ltr'>cursu</span> 
     </span>
     <span class='ocr_line' id='line_1_34' title="bbox 78 4142 713 4233; baseline -0.003 -21"><span class='ocrx_word' id='word_1_246' title='bbox 78 4167 110 4212; x_wconf 89' lang='lat' dir='ltr'>u.</span> <span class='ocrx_word' id='word_1_247' title='bbox 120 4149 185 4217; x_wconf 83' lang='lat'>102</span> <span class='ocrx_word' id='word_1_248' title='bbox 216 4143 329 4233; x_wconf 80' lang='grc' dir='ltr'><em>ἱκόμην</em></span> <span class='ocrx_word' id='word_1_249' title='bbox 351 4143 407 4210; x_wconf 78' lang='grc' dir='ltr'>ἐπὶ</span> <span class='ocrx_word' id='word_1_250' title='bbox 429 4158 524 4230; x_wconf 79' lang='grc' dir='ltr'><em>γαῖαν</em></span> <span class='ocrx_word' id='word_1_251' title='bbox 546 4142 713 4233; x_wconf 77' lang='grc' dir='ltr'><strong><em>ἀπείριτον</em></strong></span> 
     </span>
    </p>

    <p class='ocr_par' dir='ltr' id='par_1_9' title="bbox 214 4255 705 4338">
     <span class='ocr_line' id='line_1_35' title="bbox 214 4255 705 4338; baseline -0.002 -19"><span class='ocrx_word' id='word_1_252' title='bbox 214 4257 369 4319; x_wconf 86' lang='lat' dir='ltr'>terrarum</span> <span class='ocrx_word' id='word_1_253' title='bbox 391 4255 457 4320; x_wconf 94' lang='lat' dir='ltr'>uidi</span> <span class='ocrx_word' id='word_1_254' title='bbox 480 4255 548 4320; x_wconf 87' lang='lat' dir='ltr'>loce</span> <span class='ocrx_word' id='word_1_255' title='bbox 570 4255 705 4338; x_wconf 86' lang='lat' dir='ltr'>plurima</span> 
     </span>
    </p>
   </div>
   <div class='ocr_carea' id='block_1_6' title="bbox 0 0 1532 4970">
    <p class='ocr_par' dir='ltr' id='par_1_10' title="bbox 0 0 1532 4970">
     <span class='ocr_line' id='line_1_36' title="bbox 0 0 1532 4970; baseline 0 0"><span class='ocrx_word' id='word_1_256' title='bbox 0 0 1532 4970; x_wconf 95' lang='lat' dir='ltr'> </span> 
     </span>
    </p>
   </div>
  </div>
 </body>
</html>
