3052 4970
733 440 952 507 ..66-

256 637 334 701 quos
357 617 454 694 uerdt
477 615 629 682 Oribellus
652 616 711 682 sic:

418 721 584 800 Aesonide,
608 723 682 806 quid
710 725 798 788 tanta
821 743 951 789 mouens
973 722 1107 788 hortaris
1131 722 1164 786 et
1186 741 1279 805 urges

418 831 468 894 Ire
491 829 678 913 procellosas
701 832 822 896 armata
844 850 946 914 puppe
969 849 1024 914 per
1047 827 1155 906 undas,

417 937 461 1003 Ut
482 936 608 1002 ueniam
632 935 767 1002 Colchon
790 937 907 1020 Minyis
931 936 1052 1002 adiutor
1075 935 1108 1000 in
1132 935 1250 1000 urbem.

347 1052 435 1118 Unde
458 1051 486 1116 si
509 1051 578 1134 quis
602 1051 771 1118 coniecerit
786 1050 956 1117 Oribollnm
970 1043 1105 1116 'uersum
1129 1053 1194 1118 100
1217 1052 1289 1116 ante
1304 1058 1435 1133 uersum

259 1162 301 1229 90
323 1158 430 1242 paucis
461 1156 637 1222 immutatis
670 1157 797 1240 legisse,
832 1159 1031 1224 uehementer
1055 1157 1216 1224 errauerit.
1261 1155 1344 1221 Nam
1377 1159 1434 1222 ob·

259 1266 344 1332 stent
378 1281 486 1330 omnes
509 1263 562 1345 qui
586 1263 710 1346 quidem
734 1263 882 1347 patefacti
905 1264 977 1341 sint,
1007 1263 1145 1338 codices3
1168 1263 1202 1327 in
1225 1262 1337 1346 quibus
1360 1281 1435 1328 cum

258 1371 381 1437 nullum
396 1369 476 1436 alius
492 1357 639 1435 uersuum
656 1370 772 1436 ordinis
788 1371 958 1453 uestigium
975 1370 1158 1453 reperiatur,
1182 1368 1354 1436 uerisimile
1370 1388 1433 1435 non

260 1479 309 1544 est
332 1476 459 1543 Gribelli
481 1475 619 1542 codicem
642 1477 680 1542 ab
704 1476 744 1541 iis
766 1478 825 1542 hoc
850 1477 918 1542 loco
942 1476 1143 1559 discrepasse.
1183 1475 1268 1554 Quae
1291 1495 1364 1540 cum
1386 1476 1435 1542 ita

261 1585 334 1663 sint,
363 1603 400 1648 ex
422 1582 487 1648 illis
509 1583 650 1648 uersibus
673 1583 752 1648 nihil
774 1585 862 1667 patet
884 1584 946 1650 nisi
969 1581 1099 1651 Gritelli
1121 1582 1310 1648 consuetudo
1334 1583 1434 1648 libere

260 1689 412 1760 uertendi.
459 1689 591 1756 Exstant
624 1690 730 1754 autem
761 1689 878 1754 similia
908 1687 1068 1774 exempla,
1108 1687 1190 1754 unde
1220 1687 1328 1754 eadem
1366 1687 1434 1755 fere

261 1795 414 1864 eluceant.

352 1911 503 1995 Legimus
526 1911 610 1977 eninr
632 1910 666 1974 in
689 1929 801 1993 graeco
826 1910 977 1984 carmine:

266 2025 480 2113 1102201221
490 2020 547 2101 οῦς
560 2027 617 2108 (sc.
640 2021 750 2090 δισσὸν
772 2029 891 2110 Βορέου
915 2023 1013 2090 καλὸν
1036 2022 1169 2105 στάχυν)

559 2134 623 2194 τέκ’
644 2125 822 2218 Ἐρεχθῆος
844 2133 938 2195 θείου
961 2129 1059 2195 κλυτύ
1071 2129 1115 2216 18)
1134 2126 1298 2216 Ὠρείθυια

555 2231 701 2301 Ἰλισσοῦ
724 2235 813 2323 παρὰ
839 2237 943 2320 χεῦμα
965 2236 1048 2302 θεοῦ
1070 2235 1220 2324 φιλότητι
1242 2247 1384 2320 μιγεῖσαν

262 2345 342 2428 apud
359 2339 551 2411 ¹Oribellum:

504 2459 588 2538 Quos
611 2459 733 2544 peperit
754 2460 872 2525 nubens
894 2459 979 2524 Ilissi
1002 2460 1040 2526 ad
1063 2460 1200 2526 fluminis
1223 2461 1337 2526 undam

502 2563 599 2648 Regis
622 2566 790 2631 Erechthei
813 2565 919 2631 diuum
941 2585 1040 2650 genus
1061 2567 1220 2651 Oreithya.

266 2699 329 2744 uss.
347 2680 490 2764 499γ500
507 2675 573 2740 odd’
598 2676 644 2754 εἷς
667 2689 762 2761 γαῖαν
784 2676 902 2766 ἔριψαν
924 2673 1148 2764 ἐῦγνοίμιιτους
1170 2676 1313 2768 ἀγκύρας

229 2777 233 2786 ’
502 2769 624 2865 κύμασι
645 2783 827 2867 θεινόμενοι
849 2778 916 2852 tuo
941 2791 1117 2872 χειμερίῃσι
1140 2782 1282 2864 ἀέλλαις.

502 2891 543 2956 llt
565 2890 649 2956 nullo
673 2892 839 2957 introrsum
854 2894 956 2959 -motis
979 2893 1121 2978 aquilone
1144 2894 1289 2979 procellis

504 2996 653 3062 lactanda
675 2998 708 3062 in
730 2998 849 3064 medios
873 3019 934 3064 non
957 3000 1034 3064 haec
1057 2999 1118 3065 fuit
1141 3003 1274 3067 anchora
1294 3001 1420 3068 ductus.

266 3131 328 3178 uss
369 3110 488 3197 1220J2
504 3109 602 3198 κούρη
626 3105 784 3199 ῦμογνήτη
807 3110 1045 3200 μεγαλόφρονος
1067 3112 1194 3201 Αἰήταο

500 3213 625 3282 Ἠελίου
650 3216 817 3305 θυγάτηρ·
865 3221 999 3306 (Κίρκην
1022 3217 1057 3284 δέ
1078 3218 1093 3284 ἑ
1116 3219 1339 3308 κικλήσκουσιν
1395 3217 1401 3228 ’

502 3321 606 3410 μήτηρ
626 3318 804 3411 Ἀστερόνιη
827 3325 883 3387 καὶ
905 3325 1084 3412 τηλεφανὴς
1103 3318 1276 3414 Ὑπερίων)

505 3429 588 3495 Filia
611 3449 704 3513 quam
728 3431 836 3496 dicunt
857 3432 980 3515 proprio
1005 3433 1188 3498 denomino
1213 3433 1331 3512 Circen,

506 3535 617 3614 Adfuit,
641 3535 760 3602 Aeetae
782 3536 866 3601 iusto
890 3537 1008 3602 sociata
1030 3538 1138 3620 iugali,

505 3640 606 3719 Quam
629 3641 704 3706 tulit
730 3643 882 3726 Asterope
913 3642 1088 3726 splendenti
1117 3645 1294 3728 Hyperione
1322 3649 1438 3714 mater.

357 3749 454 3812 Porro
489 3747 658 3831 inspexeris
692 3749 788 3813 uelim
819 3767 927 3814 uersus
957 3750 1122 3828 ete-80,
1154 3751 1261 3839 orele,
1294 3753 1438 3833 ter-4,

268 3873 284 3916 e
320 3853 430 3935 quibus
466 3853 598 3919 dilucide
632 3855 803 3933 cernimus,
839 3856 1028 3939 quantopere
1064 3855 1218 3924 Oribellus
1251 3877 1439 3941 graecorum

266 3958 432 4023 uerborum
460 3960 600 4024 ordinem
623 3960 654 4024 in
677 3961 818 4028 nersione
840 3947 1080 4044 perturbauerit.

355 4063 468 4130 Confer
491 4066 587 4131 etiam
611 4085 719 4132 uersus
742 4068 817 4146 205,
839 4069 915 4147 223,
939 4070 1014 4148 288,
1040 4061 1114 4148 326,
1138 4073 1213 4151 438,
1239 4071 1313 4148 950,
1339 4073 1438 4149 1096,

321 4221 323 4225 ¹
353 4238 390 4308 ¹⁸)
409 4238 584 4294 Hermannns
602 4240 681 4296 dedit
698 4242 779 4314 κούρη
798 4240 902 4299 κλυτὸν.
