3052 4970
478 441 776 540 ¹—29—

163 649 303 732 Denique
327 649 422 714 codex
445 650 472 714 U
495 651 599 714 utrum
616 667 651 713 ex
667 649 734 731 ipso
750 647 853 712 codice
871 653 898 708 Ω
911 667 951 712 an
966 648 1100 712 circuitu
1116 647 1248 731 quodam

70 757 146 821 inde
180 756 314 832 fluxerit,
350 755 514 819 decernere
549 755 654 820 nolim.
712 754 747 818 ld
781 772 855 818 uero
890 753 958 818 luce
982 753 1094 818 clarius
1118 754 1247 818 estnon

71 854 217 928 manasse
241 881 312 927 eum
336 881 372 926 ex
394 861 472 926 libro
495 881 514 923 x
537 860 589 926 uel
610 881 640 944 y.

163 969 271 1050 Neque
295 965 421 1031 difficile
446 968 494 1031 est
517 966 654 1048 cognitu,
673 965 824 1048 quomodo
848 967 917 1029 orta
933 966 975 1030 sit
994 967 1093 1031 omnis
1110 966 1249 1032 codicum

72 1075 98 1136 L
114 1075 180 1140 Ml
199 1075 231 1136 et
247 1075 267 1139 2
283 1074 311 1136 R
328 1071 348 1136 S
366 1073 392 1136 U
412 1071 573 1136 dissensio.
621 1058 737 1135 Eorum
760 1071 812 1152 qui
836 1072 1025 1153 scripserunt
1052 1076 1101 1135 est
1124 1071 1250 1154 quidem

72 1180 179 1261 aliqua
203 1179 309 1262 culpa:
342 1178 461 1244 multae
485 1178 721 1261 discrepantiae,
753 1196 831 1259 quae
855 1179 928 1242 sunt
950 1179 1032 1242 inter
1054 1177 1124 1242 illos
1154 1176 1250 1242 libros

72 1286 312 1368 manuscriptos,
344 1284 538 1350 describendi
568 1285 717 1361 incuriae,
749 1283 915 1348 nonnullae
939 1285 1132 1367 singulorum
1154 1284 1251 1349 libra·

72 1393 193 1456 riorum
224 1390 328 1456 studio
359 1389 540 1455 emendandi
570 1391 729 1456 debentur.
776 1391 952 1456 Nonnullae
983 1392 1168 1456 uidenture
1199 1410 1251 1457 co·

75 1498 154 1561 dicis
171 1502 200 1558 Ω
210 1496 326 1562 misera
341 1496 519 1562 condicione
534 1484 627 1561 natae
644 1515 720 1562 esse.
753 1496 813 1560 Sed
829 1498 981 1562 attentius
998 1499 1025 1562 si
1041 1499 1251 1581 inquisiueris

74 1602 245 1686 intelleges
269 1622 336 1668 esse
364 1602 514 1686 quasdam
537 1603 772 1686 discrepantias,
801 1623 879 1686 quac
903 1605 962 1670 hoc
984 1604 1075 1670 modo
1106 1604 1253 1687 explicari

75 1710 243 1791 nequeant.
297 1709 408 1791 Neque
442 1709 547 1791 inepte
570 1709 649 1772 mihi
684 1710 835 1791 suspicari
868 1710 976 1775 uideor
1008 1709 1135 1786 librum,
1170 1710 1251 1774 unde

75 1815 185 1880 classis
216 1821 243 1876 Φ
272 1815 457 1891 manauerit
494 1819 522 1875 Ω
555 1833 683 1879 manum
715 1815 956 1881 emendatricem
987 1817 1148 1899 expertum
1183 1835 1250 1881 esse

75 1921 323 2004 uarietatemque
345 1920 489 1985 lectionis
513 1939 732 2003 nonnunquam
755 1921 787 1985 in
810 1923 952 2005 margine
974 1922 1026 1986 uel
1048 1923 1130 1986 inter
1152 1921 1252 1988 lineas

77 2027 222 2092 habuisse
254 2023 493 2112 coneursum),
529 2028 562 2090 et
593 2027 647 2109 qui
670 2028 884 2109 Argonautica
916 2027 988 2091 inde
1012 2028 1251 2111 descripserunt,

77 2133 170 2198 modo
204 2133 360 2216 integram
391 2134 447 2198 aut
480 2134 599 2198 uariam
630 2133 807 2210 lectionem,
842 2133 932 2199 modo
968 2137 1132 2216 utramque
1165 2152 1251 2198 recc-

76 2241 190 2321 perunt
211 2241 245 2303 in
267 2240 363 2305 libros
387 2258 469 2305 suos.
509 2240 610 2318 Quam
633 2259 700 2304 rem
724 2239 872 2322 exemplis
895 2240 1019 2305 firmare
1042 2241 1074 2305 et
1095 2239 1251 2306 illustrare

77 2344 212 2410 conabor
225 2365 232 2410 :

169 2518 207 2589 ³⁷)
225 2517 338 2588 Duplici
357 2513 449 2574 aulem
467 2522 576 2575 ratione
596 2521 706 2574 codices
725 2521 828 2588 corrigi
847 2519 974 2574 solebant
985 2524 1034 2573 aut
1046 2521 1081 2573 ad
1095 2519 1251 2588 exemplum

78 2607 193 2662 alterius
212 2608 260 2675 qui
272 2608 371 2662 melior
383 2609 539 2673 uidebatur,
554 2614 603 2662 aut
618 2609 667 2674 ita,
686 2614 717 2663 ut
729 2612 870 2662 corrector
881 2624 933 2676 pro
946 2625 995 2662 suo
1008 2608 1119 2682 ingenio
1132 2612 1252 2662 mutaret

78 2695 153 2761 quod
180 2695 311 2750 uitiosum
330 2700 358 2748 et
376 2696 459 2750 facile
477 2697 513 2750 ad
531 2697 735 2751 emendandum
754 2701 834 2750 esset.
865 2695 903 2750 ut
921 2713 937 2750 e
955 2713 1057 2766 genere
1075 2696 1252 2751 coniecturali

79 2781 164 2836 fuisse
191 2783 324 2836 uidentur
350 2786 559 2840 emendationes
588 2803 603 2839 a
627 2789 786 2839 correctore
810 2785 914 2839 codicis
936 2785 961 2836 Ω
985 2784 1187 2853 suprascriptae
1205 2783 1251 2837 uel

80 2872 199 2941 margini
217 2872 383 2941 adscriptae.
875 2883 882 2897 '
