3052 4970
764 1685 877 1746 M1et2

383 1797 428 1860 Er
450 1795 510 1860 hoc
532 1793 632 1876 igitur
655 1791 760 1858 codice
782 1792 884 1875 prisco
907 1793 940 1856 et
962 1791 1109 1874 primerio
1132 1790 1253 1857 lacunis
1269 1797 1301 1859 et
1324 1794 1393 1859 eliis
1419 1796 1474 1859 ui·

293 1902 348 1968 tiis
373 1901 546 1966 deformato
577 1901 727 1982 quattuor
752 1897 824 1963 libri
855 1898 1002 1980 descripti
1025 1899 1106 1979 sunt,
1143 1917 1160 1962 e
1191 1899 1303 1980 quibus
1335 1898 1471 1966 fortasse

294 2027 386 2090 unus,
409 2008 446 2086 U,
477 2005 516 2071 ud
539 2007 645 2071 nostre
674 2006 814 2087 tempora
836 2005 989 2086 peruenit,
1021 2004 1119 2069 ceteri
1142 2001 1256 2090 (xyz
1240 2003 1270 2091 z)
1297 2006 1475 2089 perierunt*

294 2114 329 2177 t
294 2113 480 2195 stirpem
504 2131 541 2176 ex
564 2130 596 2177 se
620 2110 826 2193 reliquerunt3
861 2110 955 2192 atque
978 2110 1066 2192 petet
1088 2129 1140 2175 eos
1171 2130 1248 2192 quos
1275 2114 1471 2188 enumerent,

296 2218 417 2285 codices
432 2217 617 2300 superstites
631 2236 686 2300 per
701 2216 808 2282 uarios
831 2215 952 2281 riuulos
967 2235 1005 2280 en
1019 2235 1079 2282 uno
1096 2235 1204 2282 omnes
1220 2236 1287 2283 esse
1299 2219 1517 2296 deductos,

291 2323 527 2408 ¹quemobrem
518 2343 551 2387 1n
573 2321 749 2388 manifestis
772 2320 892 2386 mendis
915 2340 1007 2404 saepe
1031 2339 1082 2387 eos
1106 2322 1334 2389 consentientes
1358 2324 1474 2408 depre-

294 2429 468 2509 hendimus,
491 2430 545 2495 ubi
568 2429 662 2496 codex
684 2430 851 2512 primarius
874 2429 938 2494 iam
962 2429 1034 2493 eret
1053 2430 1225 2512 corruptus.

384 2536 539 2620 Sequitur,
575 2538 794 2618 utexponcm
830 2535 980 2618 quomodo
1007 2536 1082 2599 nete
1105 2535 1148 2599 sit
1177 2534 1318 2600 codicum
1340 2535 1369 2599 A
1391 2537 1419 2598 P
1443 2535 1474 2598 F

295 2641 379 2706 haud
400 2641 565 2706 mediocris
589 2660 661 2705 cum
684 2641 709 2703 L
733 2641 767 2703 M
785 2642 852 2710 tet
870 2642 890 2708 2
913 2639 1022 2706 RSU
1045 2640 1212 2716 dissensi03
1237 2660 1298 2724 qua
1314 2639 1431 2706 adduct
1432 2661 1516 2705 us

295 2765 376 2825 sum,
400 2747 436 2810 ut
459 2747 630 2810 statuerem
647 2745 706 2810 duo
723 2745 866 2810 codicum
882 2744 998 2828 Orphei
1013 2746 1226 2828 Argonautica
1242 2747 1473 2812 continentium

295 2870 410 2935 genera
426 2870 503 2928 esse,
528 2870 660 2934 quorum
675 2850 767 2916 elteri
785 2851 808 2914 L
824 2850 890 2919 Mi
908 2853 974 2919 et2
990 2853 1018 2915 R
1035 2851 1055 2917 S
1072 2851 1108 2930 U,
1132 2851 1224 2918 elteri
1239 2852 1268 2916 A
1286 2854 1352 2917 PF
1375 2853 1478 2936 attri-

294 2957 410 3024 buendi
440 2958 554 3024 essent.
600 2957 845 3040 Discrepentiee‚
876 2975 955 3040 quae
989 2959 1063 3023 sunt
1091 2958 1174 3023 inter
1208 2960 1285 3024 haec
1314 2977 1477 3041 generas

295 3064 451 3130 communi
474 3062 559 3129 fonte
583 3063 735 3141 deriuatu,
770 3081 920 3146 magnum
942 3065 1063 3146 partem
1095 3063 1215 3146 positae
1239 3064 1375 3129 suntin
1405 3063 1496 3130 solo.

295 3188 399 3235 errore
430 3169 497 3235 eius
521 3171 575 3251 qui
598 3188 635 3233 er
658 3170 766 3234 erohet
765 3188 825 3252 ypo
850 3167 1018 3234 codicemz
1043 3170 1214 3268 descripsit,
1239 3170 1320 3235 unde
1343 3169 1373 3233 A
1395 3172 1423 3233 P
1448 3171 1480 3234 F

293 3273 427 3358 profecti
450 3276 541 3350 sunt3
509 3258 619 3338 tsed
641 3273 814 3356 permultae
834 3291 949 3374 eaeque
971 3261 1177 3358 grauisdmue
1199 3276 1294 3340 istius
1317 3274 1438 3360 librarii
1458 3298 1480 3341 z

295 3379 398 3446 studio
421 3379 606 3445 emendandi
629 3367 680 3444 uel
705 3380 847 3444 mutendi
874 3381 1028 3462 originem
1052 3381 1163 3446 debere
1186 3363 1341 3447 uidentur.
1387 3382 1514 3447 Nam

294 3485 445 3552 lectiones
469 3485 612 3551 codicum
631 3485 661 3548 A
684 3484 753 3549 Pu
777 3485 931 3569 propriae,
956 3504 1034 3568 quae
1057 3505 1183 3569 prorsus
1197 3487 1267 3552 ab
1258 3487 1396 3571 rmegine
1420 3507 1482 3552 er-

295 3591 421 3676 chetypi
442 3597 481 3657 'ex
504 3590 660 3656 codicibus
682 3591 708 3655 L
732 3592 794 3659 Mi
815 3593 848 3655 et
866 3593 887 3660 2
910 3591 1018 3657 RSU
1043 3592 1150 3657 reficta
1173 3593 1349 3676 discrepent
1371 3612 1482 3674 neque

294 3716 368 3762 cusu
391 3695 524 3780 quodem
546 3695 632 3760 nesci
654 3696 834 3777 potuerunt,
856 3695 1040 3762 tribuendae
1063 3699 1147 3776 sunt,
1167 3701 1203 3763 ut
1226 3699 1373 3781 suspicor,
1398 3717 1479 3763 con·
1512 3765 1513 3772 ¹

293 3802 432 3868 iecturee
464 3802 531 3867 eius
562 3801 616 3884 qui
647 3798 787 3866 codicem
810 3821 826 3864 z
850 3803 1001 3880 exercuit,
1026 3802 1126 3868 ueluti
1149 3802 1228 3868 illud
1251 3798 1316 3890 ἄρα
1339 3823 1369 3869 ιι.
1393 3806 1478 3884 285,

293 3907 371 3973 iilud
402 3903 440 3992 δὴ
465 3927 496 3974 ιι.
519 3907 596 3985 293,
628 3905 713 3971 aliud
735 3905 807 3971 eliis
829 3905 917 3986 locis,
951 3908 1005 3973 ubi
1029 3908 1155 3974 'codices
1178 3910 1204 3972 L
1227 3910 1256 3974 R
1275 3909 1413 3992 sociique
1434 3909 1474 3974 de

293 4031 370 4079 uera
392 4011 525 4080 lectione
548 4007 579 4075 oi
602 4012 809 4078 consentiunt.
857 4012 943 4094 Quae
978 4013 1129 4081 lectiones
1161 4034 1267 4081 omnes
1301 4034 1356 4081 ene
1387 4018 1475 4094 sunt,

296 4136 422 4203 quaes
455 4118 582 4184 librario
606 4136 704 4202 eoque
737 4137 847 4202 purum
869 4139 981 4202 graece
1015 4120 1106 4186 docto
1129 4121 1282 4204 originem
1316 4121 1477 4206 accepisse

295 4223 470 4290 uuideuntur.
