3052 4970
739 495 959 563 ..72-

316 759 379 806 uss.
485 741 539 806 nbi
562 741 682 806 codices
706 741 870 810 exhibent:
1003 743 1036 806 in
1058 741 1202 807 uersione
1224 740 1360 824 legitur:

470 897 644 987 Ἀκτορίων
660 897 746 966 Ἴλου
979 901 1129 966 Actorien
1153 901 1192 965 lli

475 1010 622 1093 Hreooip
979 1009 1109 1073 Pisaeus

474 1111 633 1199 Πελλήνην
979 1113 1127 1180 Pellenen

467 1217 565 1285 Ἴλιον
978 1220 1061 1286 Ilion
1223 1212 1228 1218 ¹

451 1321 913 1414 ΕὖὸώρουθυγάτηρΑἰνὶππη
978 1327 1093 1392 Eudori
1117 1326 1259 1410 Aenippe
1355 1416 1356 1419 Ἴ

474 1432 605 1519 Kieicpv
644 1423 646 1430 ’
978 1433 1104 1499 Oleinen

470 1533 670 1626 Ἀμπυκίδην
686 1536 824 1622 ’Ίὸμωνα
978 1540 1108 1605 ldmona
1130 1540 1323 1625 Ampyciden

470 1641 613 1732 Ἀραξιῦν
978 1648 1100 1712 Manae

472 1750 596 1839 Αἰήτης
619 1752 742 1817 Μινύαι
764 1777 798 1818 τε
917 1840 920 1846 ¹
979 1754 1095 1818 Aeetes
1117 1753 1304 1838 Minyaeque

473 1859 621 1947 Κραναὴν
979 1860 1128 1927 Cranaen.

353 1993 413 2060 Sed
443 2013 473 2058 u.
507 1995 592 2061 1287
623 1994 656 2058 in
687 1992 828 2058 uersione
851 1992 987 2076 legimns
1013 1993 1242 2077 „Lycaoniem“
1267 2013 1323 2076 pro
1350 1999 1439 2074 „Ao-

264 2101 419 2185 xcovipv‘ss
443 2118 522 2183 quae
545 2099 698 2182 scripture
714 2099 746 2163 in
762 2098 908 2164 omnibus'
917 2099 1007 2164 libris
1030 2099 1250 2183 manuscriptis
1267 2101 1324 2164 est.
1360 2099 1438 2164 For-

263 2206 347 2271 tasse
369 2205 446 2270 illud
472 2205 713 2290 „Lycaoniam“,
737 2245 780 2252 -
804 2224 883 2289 quae
902 2208 950 2270 est
972 2205 1074 2272 facilis
1090 2206 1276 2284 emendatio,
1300 2205 1438 2270 -Cri-
1524 2207 1525 2212 ’

264 2312 340 2377 belli
363 2313 557 2378 coniecturae
580 2312 780 2378 tribuendum
804 2318 861 2379 est.

355 2439 449 2503 Patet
464 2437 563 2519 igitur
579 2438 716 2504 codicem
728 2437 950 2503 Oribellianum
967 2457 1002 2502 ex
1014 2438 1122 2503 eodem
1133 2437 1211 2502 libre
1226 2435 1437 2520 eprofeeum

263 2563 346 2621 esse,
376 2564 412 2608 ex
435 2563 495 2627 quo
519 2563 634 2624 omnes,
660 2544 714 2627 qui
738 2545 870 2623 exstant,
894 2545 1176 2628 Argonauticorum
1200 2542 1295 2608 libros
1324 2563 1436 2616 manu-

263 2651 394 2734 scriptos
423 2651 547 2716 fluxisse
570 2651 745 2718 necessario
777 2651 954 2730 statuimus,
989 2669 1088 2734 neque
1112 2652 1168 2728 est,
1194 2649 1275 2733 qnod
1298 2649 1435 2714 codicem

261 2755 351 2820 illum
374 2757 431 2821 hos
452 2757 646 2840 praestantia
669 2759 702 2822 et
725 2758 882 2823 uetustate
906 2776 1066 2841 superasse
1089 2757 1243 2839 putemus.

354 2888 439 2968 Quae
470 2907 542 2952 cum
572 2888 617 2953 ita
649 2888 721 2966 sint,
751 2907 813 2968 eae,
843 2909 918 2973 quas
941 2889 1076 2955 Wielius
1107 2907 1143 2954 ex
1173 2887 1228 2952 illo
1260 2887 1344 2954 fonte
1367 2907 1436 2954 sese

263 2994 403 3060 hausisse
437 2995 611 3078 profitetur,
646 2996 817 3080 scripturae
852 2997 1023 3062 sententias
1057 2995 1200 3060 meliores
1237 2996 1431 3078 praebentes,

263 3121 355 3187 quam
385 3122 464 3187 quae
491 3103 639 3186 leguntur
669 3103 702 3168 in
725 3103 1007 3188 Argonauticornm
1038 3101 1204 3178 codicibus,
1236 3101 1433 3166 firmamento

263 3209 429 3274 admodum
459 3209 532 3274 exili
561 3211 703 3275 nituntur
733 3211 827 3294 abque
858 3210 983 3293 ingenio
1013 3210 1105 3274 huius
1136 3207 1196 3272 uiri
1226 3207 1310 3274 docti
1331 3209 1434 3290 magis

263 3316 322 3381 nili
361 3316 522 3394 uidentur,
569 3329 662 3400 quam
697 3315 802 3382 codice
837 3316 1042 3390 OribeIHan03
1092 3314 1150 3379 hae
1195 3314 1310 3396 igitur,
1357 3333 1434 3396 quas

262 3423 415 3488 nersionis
441 3424 576 3488 maxime
611 3424 797 3490 auctoritate
829 3425 960 3489 confisus
991 3421 1124 3488 Wielius
1154 3419 1296 3505 protulit,
1328 3439 1434 3485 emen-

262 3528 402 3595 dationes
425 3529 529 3612 graeci
545 3530 690 3596 carminis
714 3530 802 3614 epici,
828 3529 854 3596 si
878 3529 969 3596 modo
986 3528 1215 3594 emendationes
1238 3528 1312 3592 sunt
1326 3526 1433 3610 appel-

263 3633 385 3714 landae,
407 3653 463 3720 pro
485 3635 581 3701 meris
605 3636 797 3722 coniecturis
812 3635 971 3702 habendae
995 3637 1077 3700 sunt.

330 3736 398 3826 'Ac
419 3780 492 3826 uero
523 3745 645 3826 tentiim
673 3761 762 3826 abest
800 3763 845 3839 ut,
869 3780 944 3844 ques
968 3760 1117 3825 lectiones
1139 3758 1318 3842 praebuerit
1339 3756 1432 3823 codex

263 3866 478 3945 Gribellienus,
503 3887 539 3932 ex
554 3867 695 3933 uersione
710 3887 800 3952 posse
815 3866 957 3949 intellegi
979 3874 1106 3950 prorsus
1129 3884 1251 3949 negem,
1276 3865 1432 3930 utcontra

262 3974 427 4057 aliquoties
458 3975 590 4041 dilucide
626 3993 678 4041 cas
709 3974 781 4039 inde
813 3992 960 4058 apparere
991 3973 1184 4040 contendam.
1240 3971 1319 4036 Cum
1349 3971 1431 4035 enim

262 4079 524 4147 uerisimillimnm
557 4082 600 4147 sit
633 4081 834 4165 interpretem
868 4081 993 4147 nomina
1022 4080 1161 4165 propria,
1198 4097 1276 4162 quae
1307 4076 1430 4160 quidem

263 4190 412 4266 seruaret,
443 4207 583 4255 seruasse
610 4207 703 4273 quam
725 4187 859 4253 maxime
883 4186 922 4252 ad
940 4185 1074 4265 litteras,
1099 4184 1201 4263 facile,
1225 4202 1301 4268 ques
1325 4201 1431 4248 eorum

263 4295 432 4380 scripturas
456 4294 632 4363 exhibuerit
654 4294 748 4362 codex
773 4291 990 4371 Oribellianus,
1023 4312 1059 4359 ex
1081 4291 1223 4358 uersibus
1246 4289 1355 4356 latinis
1378 4307 1430 4354 co-
