3052 4970
755 447 975 512 ..50-

281 621 420 706 exemplo
444 620 563 685 nullum
587 621 756 704 uestigium
771 621 964 686 Leodrisicni
987 621 1123 686 nominis
1145 621 1247 698 uideo,
1272 622 1346 703 quin
1362 623 1456 704 neget

189 813 194 820 Ι
281 731 399 805 auctor,
430 746 463 792 se
493 726 571 792 scire
601 747 723 792 nomen.
770 729 890 796 Ponam
922 729 992 811 ipsa
1014 728 1126 793 uerba:
1161 726 1378 804 ,Adiunnimus
1412 765 1450 773 -

281 833 438 918 Orpheum
460 852 515 916 per
537 832 816 898 Mediolanensium
839 833 1045 900 Cribellorum
1069 833 1222 916 quendam
1246 837 1374 910 (nomen
1395 853 1453 897 non

222 971 227 980 ·
280 938 395 1006 habere
436 938 608 1024 potuimus)
654 939 787 1004 latinum
821 937 994 1024 fectum‘.²)
1066 940 1150 1004 Ante
1185 939 1375 1022 Argelatum
1418 939 1453 1002 de

282 1046 392 1112 eodem
414 1046 539 1111 nominc
563 1045 660 1110 etiam
675 1043 837 1121 Berthius,
862 1044 942 1110 Stat.
967 1044 1064 1110 Theb.
1088 1043 1145 1121 llI,
1169 1047 1233 1113 352
1257 1045 1306 1116 ad.
1319 1046 1453 1111 auctori·

283 1155 383 1219 tatem
406 1151 480 1217 Aldi
501 1152 756 1235 prouocuuerat.“
792 1150 944 1216 Attamen
967 1151 1084 1236 optimo
1108 1150 1175 1215 inre
1197 1151 1258 1214 uiri
1281 1150 1367 1216 docti
1390 1150 1453 1215 Cri·

281 1257 399 1322 bellum
415 1275 487 1322 eum
502 1257 769 1335 existimauerunt,
794 1257 844 1322 cui
859 1257 1020 1322 Leodrisio
1042 1275 1231 1340 praenomen
1256 1255 1327 1322 fuit.
1352 1258 1454 1340 Atque

281 1363 478 1448 Hemberger
500 1362 640 1429 simodo
663 1363 798 1447 perlegit
821 1381 898 1446 quae
920 1360 1103 1449 Berthiusss)
1126 1361 1165 1426 ed
1189 1362 1269 1428 Stet.
1286 1362 1387 1429 Theb.
1410 1363 1450 1426 lll

282 1472 348 1540 352
371 1469 543 1545 ennotauit,
568 1471 652 1536 certe
675 1489 785 1553 parum
807 1469 974 1552 diligenter
997 1487 1034 1533 ea
1056 1467 1226 1552 perlegisse
1248 1467 1385 1534 uidetur.
1408 1469 1450 1532 Ad

282 1578 384 1642 cartas
414 1576 498 1641 enirn
527 1575 630 1658 magis
661 1595 753 1658 quam
784 1575 822 1640 ad
850 1575 964 1640 Aldum
995 1574 1145 1640 Barthius
1174 1573 1357 1660 prouocat⁴)
1389 1574 1452 1640 loco

282 1683 380 1749 citato
410 1681 547 1748 scribens
576 1682 669 1747 heec:
704 1681 799 1761 „llius
821 1681 982 1745 Poematis
1013 1680 1065 1766 (de
1089 1679 1206 1762 Orphei
1235 1681 1454 1762 Argonautiois

282 1790 388 1854 antem
421 1784 571 1871 loquitur)
605 1786 707 1851 uersio
742 1785 837 1868 uulgo
871 1787 1015 1868 ignotum
1049 1787 1208 1851 auctorem
1239 1785 1344 1863 hebet,
1382 1787 1454 1850 satis

262 1897 389 1978 ¹tamen
412 1894 570 1970 concinna,
602 1893 663 1957 nisi
686 1893 767 1976 qnod
790 1891 947 1957 nonnullis
970 1891 1047 1956 locis
1077 1891 1180 1956 minus
1204 1893 1365 1957 auctorem
1387 1911 1453 1976 per·
1499 1917 1500 1920 ¹

283 2001 368 2086 cipit.
410 1999 525 2072 ,Habet
557 2017 631 2063 uero
659 2000 843 2081 scriptorem
873 1998 1070 2063 Leodrisinm
1099 1998 1267 2064 Oribellum
1302 1996 1453 2064 Mediola·
1499 1981 1500 2028 ³

283 2123 421 2185 nensem,
452 2105 599 2188 quicum
622 2104 786 2169 Francisco
812 2102 975 2187 Philelpho
1000 2104 1131 2172 Oratore
1154 2107 1187 2170 et
1208 2106 1308 2170 Poeta
1330 2123 1452 2170 suorum

284 2214 460 2296 temporum
492 2208 657 2294 praecipue
692 2209 814 2275 claruit.
871 2209 906 2274 Id
937 2212 1063 2294 constet
1097 2229 1133 2276 ex
1167 2211 1327 2276 ueteribus
1363 2209 1454 2275 certis

284 2337 362 2402 quae
385 2317 467 2403 apud
489 2336 546 2383 nos
569 2317 650 2393 sunt,
682 2318 713 2380 et
735 2316 926 2400 praefatione
950 2316 1024 2381 Aldi
1047 2317 1146 2400 ipsius
1169 2316 1345 2409 uelnescio
1372 2316 1453 2381 onius

284 2423 411 2489 alterius
433 2424 467 2488 in
490 2409 650 2488 Ualerium
671 2422 818 2488 Flaccum
849 2421 993 2488 editionis
1017 2422 1149 2488 Aldinae
1172 2423 1246 2488 anni
1269 2424 1390 2491 1523“.
1415 2456 1447 2468 -

283 2529 443 2596 Leodrisio
474 2547 548 2594 uere
573 2528 706 2595 Oribello
729 2527 1020 2609 interpretationem
1050 2529 1138 2594 illem
1160 2529 1293 2594 latinam
1315 2529 1451 2594 tribuen-

285 2636 356 2703 dam
385 2653 453 2700 esse
476 2634 672 2717 intellegitur
695 2633 791 2698 etiem
814 2651 850 2697 ex
873 2632 991 2698 duobus
1015 2635 1172 2700 codicibus
1196 2636 1250 2718 qui
1280 2653 1348 2700 ecm
1374 2631 1453 2698 erhi-

283 2742 369 2818 bent,
394 2740 553 2806 Uaticanis
576 2739 749 2805 chartaceis
773 2737 894 2802 saeculo
917 2739 977 2803 XV
1000 2743 1129 2806 exeunte
1150 2742 1301 2822 enaretis;
1327 2757 1452 2823 quorum

284 2846 318 2910 in
341 2844 451 2924 eltero,
476 2848 529 2928 35,
560 2845 696 2909 uersioni
717 2845 777 2908 hoc
799 2843 1025 2927 praescriptum
1048 2849 1113 2917 est:
1147 2848 1281 2931 „Incipit
1303 2843 1452 2912 Leodrisii

285 2950 594 3038 Argon“(enticon);
626 2950 802 3016 uersIonem
832 2949 933 3033 ipsam
964 2953 1121 3018 antecedit
1145 2951 1292 3018 eiusdem'
1305 2949 1453 3018 Leodrisii
1498 2953 1499 3040 j

284 3057 436 3140 praefatio
459 3060 600 3137 metrice,
625 3057 712 3124 cuius
728 3057 854 3123 initium
876 3057 914 3121 lit
935 3056 986 3122 his
1008 3059 1129 3124 uerbis:
1157 3060 1191 3140 „l
1214 3061 1322 3142 pater“
1348 3060 1383 3127 et
1406 3076 1450 3138 qu.

285 3181 382 3246 sequ,
407 3163 516 3245 quibus
538 3165 679 3229 uersibus
694 3162 873 3228 Leodrieius
896 3180 972 3246 opus
995 3181 1086 3230 suum
1109 3164 1166 3230 Pio
1190 3166 1221 3229 11
1243 3167 1347 3247 Papae
1372 3161 1452 3228 dedi-

213 3335 220 3350 ,
286 3270 346 3335 oet.
400 3269 438 3332 ln
467 3268 566 3334 altero
602 3270 706 3334 codice
738 3268 815 3332 olim
846 3268 1066 3347 ottoboniano,
1096 3290 1177 3336 nunc
1207 3270 1357 3336 Uaticano
1391 3268 1449 3336 823

285 3374 437 3438 uersionis
460 3375 662 3458 praescriptio
685 3374 763 3441 haec
786 3376 850 3439 est:
877 3373 1015 3458 „Orphei
1037 3376 1145 3459 magni
1167 3379 1277 3459 poetae
1293 3377 1453 3460 Argonau-

286 3477 371 3545 ticon
401 3478 611 3564 aLeodrysio
635 3480 768 3548 Cribello
792 3479 900 3546 latinis
929 3481 1038 3545 metris
1062 3486 1269 3564 expressum.“
1317 3481 1452 3564 Denique

377 3637 401 3708 ¹)
419 3635 526 3692 nedem
542 3635 598 3706 legi
609 3635 639 3689 in
651 3636 760 3692 duobus
773 3637 896 3692 Aldinae
909 3637 1040 3691 editionis
1053 3638 1197 3708 exemplis,
1209 3655 1326 3707 quorum
1338 3637 1452 3692 alterum

285 3725 418 3792 Berolini,
437 3725 556 3780 alterum
576 3724 722 3781 Rostochii
740 3726 855 3795 inspexi,
882 3729 911 3780 et
928 3726 999 3796 legit
1017 3725 1101 3782 etiem
1119 3724 1180 3780 Pet.
1204 3726 1387 3792 Burmannus,
1407 3724 1450 3794 qui

286 3815 316 3868 in
340 3813 447 3870 Ualerii
470 3813 566 3868 Flacci
585 3813 707 3868 editione
731 3830 756 3870 a.
780 3815 851 3869 1724
876 3817 973 3868 cuneta
991 3813 1039 3869 iol.
1058 3813 1143 3868 LVII
1161 3815 1364 3885 praefationem
1382 3814 1454 3868 illius

287 3902 416 3956 editionis
436 3901 565 3972 antiquae
583 3902 694 3971 repetit.

377 3989 451 4060 ⁸)T.
469 3989 581 4060 Pcpinii
610 3989 693 4045 Statii
716 3988 811 4059 Opera
829 4007 863 4044 ex
886 4007 943 4046 rec.
963 3993 991 4044 et
1009 4007 1073 4044 cnm
1091 3991 1230 4046 enimadn.
1251 3990 1281 4045 0.
1300 3990 1409 4046 Berthii
1425 3989 1452 4041 in

286 4078 377 4134 lucem
394 4078 559 4147 prodierunt
577 4077 665 4149 Oygn.
684 4096 707 4133 e.
728 4078 807 4135 1664.
826 4079 892 4135 noll.
910 4079 929 4133 4
946 4078 976 4132 in
993 4077 1032 4133 4⁰.

376 4166 403 4236 ⁴)
421 4164 485 4220 Hoc
503 4165 558 4220 iam
577 4170 765 4236 cognouensnt
776 4164 839 4223 Pet.
851 4166 1029 4220 Burmannus
1048 4165 1150 4237 (Praei.
1160 4167 1197 4222 ad
1209 4167 1354 4222 Ualerium
1365 4167 1452 4222 Flacc.

289 4271 314 4308 a.
335 4255 405 4310 1724
424 4254 530 4310 editum
547 4253 595 4310 iol.
614 4254 717 4328 XVII)
736 4259 765 4310 et
782 4253 1056 4310 Fabricius-Heriem
1070 4254 1143 4314 Bibl.
1157 4243 1207 4312 (ir.
1225 4255 1279 4312 nol.
1292 4254 1309 4310 1
1320 4272 1384 4328 pag.
1397 4253 1452 4310 150.
