<?xml version="1.0" encoding="UTF-8"?>
<!DOCTYPE html PUBLIC "-//W3C//DTD XHTML 1.0 Transitional//EN"
    "http://www.w3.org/TR/xhtml1/DTD/xhtml1-transitional.dtd">
<html xmlns="http://www.w3.org/1999/xhtml" xml:lang="en" lang="en">
 <head>
  <title>
</title>
<meta http-equiv="Content-Type" content="text/html;charset=utf-8" />
  <meta name='ocr-system' content='tesseract 3.04.00' />
  <meta name='ocr-capabilities' content='ocr_page ocr_carea ocr_par ocr_line ocrx_word'/>
</head>
<body>
  <div class='ocr_page' id='page_1' title='image "./deartecriticain00hillgoog_0058.png"; bbox 0 0 3052 4970; ppageno 0'>
   <div class='ocr_carea' id='block_1_1' title="bbox 568 480 782 545">
    <p class='ocr_par' dir='ltr' id='par_1_1' title="bbox 568 480 782 545">
     <span class='ocr_line' id='line_1_1' title="bbox 568 480 782 545; baseline 0 -23"><span class='ocrx_word' id='word_1_1' title='bbox 568 480 782 545; x_wconf 71' lang='grc'>,53-</span> 
     </span>
    </p>
   </div>
   <div class='ocr_carea' id='block_1_2' title="bbox 180 652 1264 754">
    <p class='ocr_par' dir='ltr' id='par_1_2' title="bbox 180 652 1264 754">
     <span class='ocr_line' id='line_1_2' title="bbox 180 652 1264 754; baseline -0.002 -36"><span class='ocrx_word' id='word_1_2' title='bbox 180 656 227 718; x_wconf 88' lang='grc' dir='ltr'>Αο</span> <span class='ocrx_word' id='word_1_3' title='bbox 256 655 391 737; x_wconf 89' lang='lat' dir='ltr'>primum</span> <span class='ocrx_word' id='word_1_4' title='bbox 420 673 518 738; x_wconf 89' lang='lat' dir='ltr'>pauoa</span> <span class='ocrx_word' id='word_1_5' title='bbox 549 653 649 718; x_wconf 91' lang='lat' dir='ltr'>dioam</span> <span class='ocrx_word' id='word_1_6' title='bbox 680 652 717 718; x_wconf 88' lang='lat' dir='ltr'>de</span> <span class='ocrx_word' id='word_1_7' title='bbox 748 654 889 719; x_wconf 86' lang='lat' dir='ltr'>uersibus</span> <span class='ocrx_word' id='word_1_8' title='bbox 918 655 1049 754; x_wconf 55' lang='lat'><strong>33:577</strong></span> <span class='ocrx_word' id='word_1_9' title='bbox 1074 654 1264 734; x_wconf 85' lang='lat' dir='ltr'>Argonauti-</span> 
     </span>
    </p>
   </div>
   <div class='ocr_carea' id='block_1_3' title="bbox 11 779 212 848">
    <p class='ocr_par' dir='ltr' id='par_1_3' title="bbox 11 779 212 848">
     <span class='ocr_line' id='line_1_3' title="bbox 11 779 212 848; baseline -0.005 -24"><span class='ocrx_word' id='word_1_10' title='bbox 11 809 12 848; x_wconf 58' lang='lat'>3</span> <span class='ocrx_word' id='word_1_11' title='bbox 90 779 212 824; x_wconf 87' lang='lat' dir='ltr'>eorum:</span> 
     </span>
    </p>
   </div>
   <div class='ocr_carea' id='block_1_4' title="bbox 177 879 1101 1394">
    <p class='ocr_par' dir='ltr' id='par_1_4' title="bbox 177 879 1101 1394">
     <span class='ocr_line' id='line_1_4' title="bbox 183 879 1101 969; baseline -0.001 -23"><span class='ocrx_word' id='word_1_12' title='bbox 183 881 219 969; x_wconf 80' lang='grc' dir='ltr'>δὴ</span> <span class='ocrx_word' id='word_1_13' title='bbox 243 879 311 948; x_wconf 80' lang='grc' dir='ltr'><strong>τότ’</strong></span> <span class='ocrx_word' id='word_1_14' title='bbox 335 881 396 966; x_wconf 77' lang='grc' dir='ltr'>ἐγὼ</span> <span class='ocrx_word' id='word_1_15' title='bbox 420 882 503 968; x_wconf 77' lang='grc' dir='ltr'><em>πρὸς</em></span> <span class='ocrx_word' id='word_1_16' title='bbox 525 882 629 965; x_wconf 80' lang='grc' dir='ltr'><em>χεῦμα</em></span> <span class='ocrx_word' id='word_1_17' title='bbox 652 883 906 968; x_wconf 77' lang='grc' dir='ltr'><em>πολυφλοίσβοιο</em></span> <span class='ocrx_word' id='word_1_18' title='bbox 929 881 1101 968; x_wconf 83' lang='grc' dir='ltr'><em>θαλάσσης</em></span> 
     </span>
     <span class='ocr_line' id='line_1_5' title="bbox 185 985 1063 1076; baseline -0.002 -23"><span class='ocrx_word' id='word_1_19' title='bbox 185 1001 293 1076; x_wconf 84' lang='grc' dir='ltr'><em>χεῖρας</em></span> <span class='ocrx_word' id='word_1_20' title='bbox 315 987 511 1066; x_wconf 77' lang='grc' dir='ltr'><em>ἐπαντείνας,</em></span> <span class='ocrx_word' id='word_1_21' title='bbox 535 988 606 1053; x_wconf 79' lang='grc' dir='ltr'>τάδ’</span> <span class='ocrx_word' id='word_1_22' title='bbox 630 986 699 1054; x_wconf 78' lang='grc' dir='ltr'>ἀπὸ</span> <span class='ocrx_word' id='word_1_23' title='bbox 723 988 868 1075; x_wconf 77' lang='grc' dir='ltr'><em>γλώσσης</em></span> <span class='ocrx_word' id='word_1_24' title='bbox 890 985 1063 1074; x_wconf 80' lang='grc' dir='ltr'><em>ἀγόρεοσα·</em></span> 
     </span>
     <span class='ocr_line' id='line_1_6' title="bbox 177 1088 943 1178; baseline 0 -20"><span class='ocrx_word' id='word_1_25' title='bbox 177 1092 325 1160; x_wconf 73' lang='grc' dir='ltr'><em>Ὠκεανοῦ</em></span> <span class='ocrx_word' id='word_1_26' title='bbox 348 1094 510 1178; x_wconf 80' lang='grc' dir='ltr'><em>μεδέοντες</em></span> <span class='ocrx_word' id='word_1_27' title='bbox 533 1088 744 1160; x_wconf 76' lang='grc' dir='ltr'><em>ἁλικλύστοιό</em></span> <span class='ocrx_word' id='word_1_28' title='bbox 766 1119 800 1159; x_wconf 87' lang='grc' dir='ltr'>τε</span> <span class='ocrx_word' id='word_1_29' title='bbox 823 1093 943 1161; x_wconf 80' lang='grc' dir='ltr'><em>πόντου</em></span> 
     </span>
     <span class='ocr_line' id='line_1_7' title="bbox 182 1197 1065 1288; baseline 0.001 -23"><span class='ocrx_word' id='word_1_30' title='bbox 182 1199 336 1286; x_wconf 77' lang='grc' dir='ltr'><em>ἐμβύθιοι</em></span> <span class='ocrx_word' id='word_1_31' title='bbox 359 1197 511 1288; x_wconf 84' lang='grc' dir='ltr'><em>μα’καρες,</em></span> <span class='ocrx_word' id='word_1_32' title='bbox 535 1203 590 1264; x_wconf 86' lang='grc' dir='ltr'>καὶ</span> <span class='ocrx_word' id='word_1_33' title='bbox 614 1198 686 1267; x_wconf 80' lang='grc' dir='ltr'><em>ὅσοι</em></span> <span class='ocrx_word' id='word_1_34' title='bbox 709 1201 938 1286; x_wconf 70' lang='grc' dir='ltr'><em>ψαμαθώδεος</em></span> <span class='ocrx_word' id='word_1_35' title='bbox 961 1199 1065 1279; x_wconf 82' lang='grc' dir='ltr'><em>ἀκτὰς</em></span> 
     </span>
     <span class='ocr_line' id='line_1_8' title="bbox 182 1301 1049 1394; baseline 0 -22"><span class='ocrx_word' id='word_1_36' title='bbox 182 1311 286 1373; x_wconf 83' lang='grc' dir='ltr'><em>ναίεθ’</em></span> <span class='ocrx_word' id='word_1_37' title='bbox 304 1301 536 1394; x_wconf 81' lang='grc' dir='ltr'><em>ἆλικροκάλοος</em></span> <span class='ocrx_word' id='word_1_38' title='bbox 559 1309 614 1371; x_wconf 82' lang='grc' dir='ltr'>καὶ</span> <span class='ocrx_word' id='word_1_39' title='bbox 641 1307 770 1394; x_wconf 86' lang='grc' dir='ltr'><em>Τηθύος</em></span> <span class='ocrx_word' id='word_1_40' title='bbox 793 1309 926 1388; x_wconf 74' lang='grc' dir='ltr'><em>ἔσχατον</em></span> <span class='ocrx_word' id='word_1_41' title='bbox 948 1305 1049 1394; x_wconf 72' lang='grc' dir='ltr'><em>ὕδωρ·</em></span> 
     </span>
    </p>
   </div>
   <div class='ocr_carea' id='block_1_5' title="bbox 91 1421 770 1518">
    <p class='ocr_par' dir='ltr' id='par_1_5' title="bbox 91 1421 770 1518">
     <span class='ocr_line' id='line_1_9' title="bbox 91 1421 770 1518; baseline 0 -20"><span class='ocrx_word' id='word_1_42' title='bbox 91 1421 224 1518; x_wconf 84' lang='lat' dir='ltr'>quorum</span> <span class='ocrx_word' id='word_1_43' title='bbox 245 1453 324 1498; x_wconf 89' lang='lat' dir='ltr'>unus</span> <span class='ocrx_word' id='word_1_44' title='bbox 347 1435 381 1498; x_wconf 93' lang='lat' dir='ltr'>in</span> <span class='ocrx_word' id='word_1_45' title='bbox 403 1435 546 1499; x_wconf 89' lang='lat' dir='ltr'>uersione</span> <span class='ocrx_word' id='word_1_46' title='bbox 569 1432 687 1517; x_wconf 85' lang='lat' dir='ltr'>legitur</span> <span class='ocrx_word' id='word_1_47' title='bbox 710 1436 770 1499; x_wconf 86' lang='lat' dir='ltr'>sio:</span> 
     </span>
    </p>
   </div>
   <div class='ocr_carea' id='block_1_6' title="bbox 90 1538 1270 3872">
    <p class='ocr_par' dir='ltr' id='par_1_6' title="bbox 90 1538 1270 3872">
     <span class='ocr_line' id='line_1_10' title="bbox 183 1538 1144 1654; baseline -0.002 -32"><span class='ocrx_word' id='word_1_48' title='bbox 183 1643 189 1654; x_wconf 27' lang='grc' dir='ltr'>ι</span> <span class='ocrx_word' id='word_1_49' title='bbox 220 1557 393 1622; x_wconf 78' lang='lat' dir='ltr'>Extendens</span> <span class='ocrx_word' id='word_1_50' title='bbox 416 1561 484 1623; x_wconf 92' lang='lat' dir='ltr'>tum</span> <span class='ocrx_word' id='word_1_51' title='bbox 507 1538 616 1624; x_wconf 87' lang='lat' dir='ltr'>deinde</span> <span class='ocrx_word' id='word_1_52' title='bbox 643 1578 755 1624; x_wconf 87' lang='lat' dir='ltr'>manus</span> <span class='ocrx_word' id='word_1_53' title='bbox 777 1559 950 1623; x_wconf 88' lang='lat' dir='ltr'>resonantis</span> <span class='ocrx_word' id='word_1_54' title='bbox 975 1557 1013 1622; x_wconf 89' lang='lat' dir='ltr'>ad</span> <span class='ocrx_word' id='word_1_55' title='bbox 1035 1557 1144 1633; x_wconf 87' lang='lat' dir='ltr'>undas,</span> 
     </span>
     <span class='ocr_line' id='line_1_11' title="bbox 90 1663 1264 1748; baseline -0.003 -21"><span class='ocrx_word' id='word_1_56' title='bbox 90 1663 203 1747; x_wconf 81' lang='lat' dir='ltr'><strong>reliqui</strong></span> <span class='ocrx_word' id='word_1_57' title='bbox 216 1663 324 1728; x_wconf 88' lang='lat' dir='ltr'>omissi</span> <span class='ocrx_word' id='word_1_58' title='bbox 339 1665 419 1728; x_wconf 85' lang='lat' dir='ltr'>sunt.</span> <span class='ocrx_word' id='word_1_59' title='bbox 444 1663 501 1730; x_wconf 85' lang='lat' dir='ltr'>Ille</span> <span class='ocrx_word' id='word_1_60' title='bbox 517 1667 586 1730; x_wconf 93' lang='lat' dir='ltr'>oum</span> <span class='ocrx_word' id='word_1_61' title='bbox 609 1665 738 1748; x_wconf 79' lang='lat' dir='ltr'>incipiat</span> <span class='ocrx_word' id='word_1_62' title='bbox 752 1665 862 1728; x_wconf 85' lang='lat' dir='ltr'>iisdem</span> <span class='ocrx_word' id='word_1_63' title='bbox 878 1663 943 1728; x_wconf 88' lang='lat' dir='ltr'>fere</span> <span class='ocrx_word' id='word_1_64' title='bbox 958 1664 1072 1740; x_wconf 89' lang='lat' dir='ltr'>uerbis,</span> <span class='ocrx_word' id='word_1_65' title='bbox 1090 1663 1201 1745; x_wconf 90' lang='lat' dir='ltr'>quibus</span> <span class='ocrx_word' id='word_1_66' title='bbox 1216 1663 1264 1725; x_wconf 92' lang='lat' dir='ltr'>in-</span> 
     </span>
     <span class='ocr_line' id='line_1_12' title="bbox 92 1768 1264 1856; baseline -0.002 -23"><span class='ocrx_word' id='word_1_67' title='bbox 92 1771 171 1852; x_wconf 89' lang='lat' dir='ltr'>oipit</span> <span class='ocrx_word' id='word_1_68' title='bbox 192 1788 301 1834; x_wconf 89' lang='lat' dir='ltr'>uersus</span> <span class='ocrx_word' id='word_1_69' title='bbox 324 1788 454 1851; x_wconf 79' lang='lat' dir='ltr'>graecus</span> <span class='ocrx_word' id='word_1_70' title='bbox 478 1773 543 1838; x_wconf 79' lang='grc'>334</span> <span class='ocrx_word' id='word_1_71' title='bbox 567 1770 689 1856; x_wconf 79' lang='grc' dir='ltr'><em>(χεῖρας</em></span> <span class='ocrx_word' id='word_1_72' title='bbox 711 1768 897 1845; x_wconf 63' lang='lat' dir='ltr'>tramittas</span> <span class='ocrx_word' id='word_1_73' title='bbox 927 1792 971 1818; x_wconf 93' lang='grc'>·-</span> <span class='ocrx_word' id='word_1_74' title='bbox 994 1768 1169 1834; x_wconf 77' lang='lat' dir='ltr'>Extendens</span> <span class='ocrx_word' id='word_1_75' title='bbox 1196 1770 1264 1832; x_wconf 88' lang='lat' dir='ltr'>tum</span> 
     </span>
     <span class='ocr_line' id='line_1_13' title="bbox 92 1873 1263 1960; baseline -0.002 -20"><span class='ocrx_word' id='word_1_76' title='bbox 92 1876 202 1940; x_wconf 90' lang='lat' dir='ltr'>deinde</span> <span class='ocrx_word' id='word_1_77' title='bbox 225 1873 348 1960; x_wconf 86' lang='lat' dir='ltr'>manus)</span> <span class='ocrx_word' id='word_1_78' title='bbox 379 1877 411 1941; x_wconf 90' lang='lat' dir='ltr'>in</span> <span class='ocrx_word' id='word_1_79' title='bbox 441 1877 532 1941; x_wconf 85' lang='lat' dir='ltr'>istius</span> <span class='ocrx_word' id='word_1_80' title='bbox 563 1896 670 1942; x_wconf 88' lang='lat' dir='ltr'>uersus</span> <span class='ocrx_word' id='word_1_81' title='bbox 701 1877 807 1960; x_wconf 84' lang='lat' dir='ltr'>graeei</span> <span class='ocrx_word' id='word_1_82' title='bbox 836 1873 904 1940; x_wconf 89' lang='lat' dir='ltr'>loeo</span> <span class='ocrx_word' id='word_1_83' title='bbox 935 1877 1055 1958; x_wconf 86' lang='lat' dir='ltr'>positus</span> <span class='ocrx_word' id='word_1_84' title='bbox 1087 1877 1135 1939; x_wconf 89' lang='lat' dir='ltr'>est</span> <span class='ocrx_word' id='word_1_85' title='bbox 1158 1875 1196 1938; x_wconf 92' lang='lat' dir='ltr'>ab</span> <span class='ocrx_word' id='word_1_86' title='bbox 1217 1893 1263 1951; x_wconf 87' lang='lat' dir='ltr'>eo,</span> 
     </span>
     <span class='ocr_line' id='line_1_14' title="bbox 93 1981 1265 2065; baseline -0.002 -19"><span class='ocrx_word' id='word_1_87' title='bbox 93 1984 147 2064; x_wconf 94' lang='lat' dir='ltr'>qui</span> <span class='ocrx_word' id='word_1_88' title='bbox 181 1981 350 2046; x_wconf 87' lang='lat' dir='ltr'>editionem</span> <span class='ocrx_word' id='word_1_89' title='bbox 374 1983 610 2048; x_wconf 80' lang='lat' dir='ltr'>Cratandrinam</span> <span class='ocrx_word' id='word_1_90' title='bbox 642 1984 774 2060; x_wconf 86' lang='lat' dir='ltr'>eurauit,</span> <span class='ocrx_word' id='word_1_91' title='bbox 806 1984 899 2065; x_wconf 89' lang='lat' dir='ltr'>atque</span> <span class='ocrx_word' id='word_1_92' title='bbox 930 1984 1003 2047; x_wconf 88' lang='lat' dir='ltr'>anto</span> <span class='ocrx_word' id='word_1_93' title='bbox 1033 1983 1114 2046; x_wconf 90' lang='lat' dir='ltr'>huno</span> <span class='ocrx_word' id='word_1_94' title='bbox 1141 1999 1265 2045; x_wconf 90' lang='lat' dir='ltr'>uersum</span> 
     </span>
     <span class='ocr_line' id='line_1_15' title="bbox 91 2088 1265 2173; baseline -0.003 -19"><span class='ocrx_word' id='word_1_95' title='bbox 91 2109 227 2154; x_wconf 79' lang='lat' dir='ltr'>uacuum</span> <span class='ocrx_word' id='word_1_96' title='bbox 250 2089 385 2170; x_wconf 85' lang='lat' dir='ltr'>spatium</span> <span class='ocrx_word' id='word_1_97' title='bbox 408 2090 499 2154; x_wconf 85' lang='lat' dir='ltr'>unios</span> <span class='ocrx_word' id='word_1_98' title='bbox 522 2109 639 2167; x_wconf 88' lang='lat' dir='ltr'>uersus,</span> <span class='ocrx_word' id='word_1_99' title='bbox 663 2091 733 2173; x_wconf 89' lang='lat' dir='ltr'>post</span> <span class='ocrx_word' id='word_1_100' title='bbox 747 2090 828 2154; x_wconf 89' lang='lat' dir='ltr'>hune</span> <span class='ocrx_word' id='word_1_101' title='bbox 851 2089 947 2154; x_wconf 88' lang='lat' dir='ltr'>trium</span> <span class='ocrx_word' id='word_1_102' title='bbox 970 2089 1184 2154; x_wconf 90' lang='lat' dir='ltr'>intermissum</span> <span class='ocrx_word' id='word_1_103' title='bbox 1207 2088 1265 2150; x_wconf 87' lang='lat' dir='ltr'>est.</span> 
     </span>
     <span class='ocr_line' id='line_1_16' title="bbox 93 2193 1266 2280; baseline -0.001 -22"><span class='ocrx_word' id='word_1_104' title='bbox 93 2195 182 2274; x_wconf 87' lang='lat' dir='ltr'>Quod</span> <span class='ocrx_word' id='word_1_105' title='bbox 213 2194 294 2259; x_wconf 85' lang='lat' dir='ltr'>male</span> <span class='ocrx_word' id='word_1_106' title='bbox 326 2195 442 2260; x_wconf 83' lang='lat' dir='ltr'>factum</span> <span class='ocrx_word' id='word_1_107' title='bbox 473 2215 540 2261; x_wconf 86' lang='lat' dir='ltr'>esse</span> <span class='ocrx_word' id='word_1_108' title='bbox 564 2196 641 2260; x_wconf 84' lang='lat' dir='ltr'>dicit</span> <span class='ocrx_word' id='word_1_109' title='bbox 671 2194 913 2280; x_wconf 69' lang='lat' dir='ltr'>Hermannus9).</span> <span class='ocrx_word' id='word_1_110' title='bbox 963 2195 1137 2260; x_wconf 82' lang='lat' dir='ltr'>Assentior.</span> <span class='ocrx_word' id='word_1_111' title='bbox 1183 2193 1266 2258; x_wconf 90' lang='lat' dir='ltr'>Nam</span> 
     </span>
     <span class='ocr_line' id='line_1_17' title="bbox 97 2297 1266 2384; baseline -0.003 -19"><span class='ocrx_word' id='word_1_112' title='bbox 97 2300 252 2366; x_wconf 81' lang='lat' dir='ltr'>Oribellus</span> <span class='ocrx_word' id='word_1_113' title='bbox 268 2321 313 2383; x_wconf 84' lang='lat' dir='ltr'>eo,</span> <span class='ocrx_word' id='word_1_114' title='bbox 338 2303 391 2384; x_wconf 90' lang='lat' dir='ltr'>qui</span> <span class='ocrx_word' id='word_1_115' title='bbox 407 2304 517 2382; x_wconf 87' lang='lat' dir='ltr'>exstat,</span> <span class='ocrx_word' id='word_1_116' title='bbox 533 2302 686 2366; x_wconf 88' lang='lat' dir='ltr'>uersionis</span> <span class='ocrx_word' id='word_1_117' title='bbox 701 2319 794 2365; x_wconf 89' lang='lat' dir='ltr'>uersu</span> <span class='ocrx_word' id='word_1_118' title='bbox 810 2299 922 2384; x_wconf 74' lang='lat'><strong>33310)</strong></span> <span class='ocrx_word' id='word_1_119' title='bbox 939 2299 1118 2383; x_wconf 88' lang='lat' dir='ltr'>(extendens</span> <span class='ocrx_word' id='word_1_120' title='bbox 1133 2301 1200 2362; x_wconf 90' lang='lat' dir='ltr'>tum</span> <span class='ocrx_word' id='word_1_121' title='bbox 1209 2297 1266 2381; x_wconf 87' lang='lat'>—)</span> 
     </span>
     <span class='ocr_line' id='line_1_18' title="bbox 93 2404 1266 2492; baseline -0.005 -20"><span class='ocrx_word' id='word_1_122' title='bbox 93 2410 126 2472; x_wconf 90' lang='lat' dir='ltr'>et</span> <span class='ocrx_word' id='word_1_123' title='bbox 161 2426 286 2474; x_wconf 91' lang='lat' dir='ltr'>uersum</span> <span class='ocrx_word' id='word_1_124' title='bbox 325 2409 388 2474; x_wconf 87' lang='grc'>333</span> <span class='ocrx_word' id='word_1_125' title='bbox 427 2409 533 2491; x_wconf 86' lang='lat' dir='ltr'>graeei</span> <span class='ocrx_word' id='word_1_126' title='bbox 563 2409 711 2473; x_wconf 81' lang='lat' dir='ltr'>carminis</span> <span class='ocrx_word' id='word_1_127' title='bbox 750 2411 782 2472; x_wconf 90' lang='lat' dir='ltr'>et</span> <span class='ocrx_word' id='word_1_128' title='bbox 811 2408 897 2492; x_wconf 90' lang='lat' dir='ltr'>prius</span> <span class='ocrx_word' id='word_1_129' title='bbox 927 2427 1036 2472; x_wconf 90' lang='lat' dir='ltr'>uersus</span> <span class='ocrx_word' id='word_1_130' title='bbox 1064 2407 1130 2474; x_wconf 80' lang='lat'>334</span> <span class='ocrx_word' id='word_1_131' title='bbox 1165 2404 1266 2467; x_wconf 90' lang='lat' dir='ltr'>hemi-</span> 
     </span>
     <span class='ocr_line' id='line_1_19' title="bbox 93 2507 1267 2598; baseline -0.007 -20"><span class='ocrx_word' id='word_1_132' title='bbox 93 2515 242 2579; x_wconf 81' lang='lat' dir='ltr'>stichium</span> <span class='ocrx_word' id='word_1_133' title='bbox 264 2515 361 2580; x_wconf 89' lang='lat' dir='ltr'>latine</span> <span class='ocrx_word' id='word_1_134' title='bbox 388 2515 549 2598; x_wconf 83' lang='lat' dir='ltr'>expressit.</span> <span class='ocrx_word' id='word_1_135' title='bbox 596 2513 641 2578; x_wconf 74' lang='lat' dir='ltr'>Aa</span> <span class='ocrx_word' id='word_1_136' title='bbox 669 2533 742 2580; x_wconf 88' lang='lat' dir='ltr'>uero</span> <span class='ocrx_word' id='word_1_137' title='bbox 765 2515 861 2580; x_wconf 91' lang='lat' dir='ltr'>miror</span> <span class='ocrx_word' id='word_1_138' title='bbox 887 2514 1090 2597; x_wconf 86' lang='lat' dir='ltr'>interpretem</span> <span class='ocrx_word' id='word_1_139' title='bbox 1112 2507 1267 2594; x_wconf 76' lang='grc' dir='ltr'><em>ἔμμετρον</em></span> 
     </span>
     <span class='ocr_line' id='line_1_20' title="bbox 93 2612 1266 2704; baseline -0.009 -19"><span class='ocrx_word' id='word_1_140' title='bbox 93 2642 154 2686; x_wconf 93' lang='lat' dir='ltr'>non</span> <span class='ocrx_word' id='word_1_141' title='bbox 170 2622 302 2686; x_wconf 90' lang='lat' dir='ltr'>uertisse</span> <span class='ocrx_word' id='word_1_142' title='bbox 319 2620 452 2686; x_wconf 87' lang='lat' dir='ltr'>alterum</span> <span class='ocrx_word' id='word_1_143' title='bbox 467 2621 650 2686; x_wconf 88' lang='lat' dir='ltr'>hemistium</span> <span class='ocrx_word' id='word_1_144' title='bbox 674 2659 718 2668; x_wconf 94' lang='lat'>—</span> <span class='ocrx_word' id='word_1_145' title='bbox 733 2618 809 2682; x_wconf 77' lang='grc' dir='ltr'><em>τάδ’</em></span> <span class='ocrx_word' id='word_1_146' title='bbox 833 2615 902 2685; x_wconf 76' lang='grc' dir='ltr'>ἀπὸ</span> <span class='ocrx_word' id='word_1_147' title='bbox 927 2617 1073 2704; x_wconf 76' lang='grc' dir='ltr'><em>γλώσσης</em></span> <span class='ocrx_word' id='word_1_148' title='bbox 1095 2612 1266 2700; x_wconf 79' lang='grc' dir='ltr'><em>ἀγόρεοσα,</em></span> 
     </span>
     <span class='ocr_line' id='line_1_21' title="bbox 93 2720 1266 2811; baseline -0.008 -18"><span class='ocrx_word' id='word_1_149' title='bbox 93 2731 126 2794; x_wconf 91' lang='lat' dir='ltr'>et</span> <span class='ocrx_word' id='word_1_150' title='bbox 149 2728 208 2793; x_wconf 92' lang='lat' dir='ltr'>hoo</span> <span class='ocrx_word' id='word_1_151' title='bbox 231 2746 266 2792; x_wconf 90' lang='lat' dir='ltr'>eo</span> <span class='ocrx_word' id='word_1_152' title='bbox 289 2728 392 2811; x_wconf 86' lang='lat' dir='ltr'>magis</span> <span class='ocrx_word' id='word_1_153' title='bbox 411 2729 516 2804; x_wconf 86' lang='lat' dir='ltr'>miror,</span> <span class='ocrx_word' id='word_1_154' title='bbox 541 2747 599 2810; x_wconf 94' lang='lat' dir='ltr'>quo</span> <span class='ocrx_word' id='word_1_155' title='bbox 615 2728 718 2792; x_wconf 90' lang='lat' dir='ltr'>minus</span> <span class='ocrx_word' id='word_1_156' title='bbox 734 2727 834 2805; x_wconf 89' lang='lat' dir='ltr'>uideo,</span> <span class='ocrx_word' id='word_1_157' title='bbox 858 2725 930 2809; x_wconf 91' lang='lat' dir='ltr'>quid</span> <span class='ocrx_word' id='word_1_158' title='bbox 954 2723 1146 2790; x_wconf 76' lang='lat' dir='ltr'>difficultatis</span> <span class='ocrx_word' id='word_1_159' title='bbox 1161 2722 1194 2786; x_wconf 88' lang='lat' dir='ltr'>in</span> <span class='ocrx_word' id='word_1_160' title='bbox 1216 2720 1266 2784; x_wconf 90' lang='lat' dir='ltr'>his</span> 
     </span>
     <span class='ocr_line' id='line_1_22' title="bbox 93 2831 1266 2917; baseline -0.006 -20"><span class='ocrx_word' id='word_1_161' title='bbox 93 2834 199 2899; x_wconf 87' lang='lat' dir='ltr'>uerbis</span> <span class='ocrx_word' id='word_1_162' title='bbox 221 2834 314 2908; x_wconf 79' lang='lat' dir='ltr'>insit3</span> <span class='ocrx_word' id='word_1_163' title='bbox 346 2853 444 2917; x_wconf 89' lang='lat' dir='ltr'>neque</span> <span class='ocrx_word' id='word_1_164' title='bbox 467 2833 567 2897; x_wconf 90' lang='lat' dir='ltr'>ullum</span> <span class='ocrx_word' id='word_1_165' title='bbox 598 2834 631 2897; x_wconf 92' lang='lat' dir='ltr'>in</span> <span class='ocrx_word' id='word_1_166' title='bbox 661 2834 700 2898; x_wconf 91' lang='lat' dir='ltr'>iis</span> <span class='ocrx_word' id='word_1_167' title='bbox 724 2832 955 2916; x_wconf 86' lang='lat' dir='ltr'>deprauationis</span> <span class='ocrx_word' id='word_1_168' title='bbox 984 2831 1156 2912; x_wconf 85' lang='lat' dir='ltr'>uestigium</span> <span class='ocrx_word' id='word_1_169' title='bbox 1179 2846 1266 2910; x_wconf 87' lang='lat' dir='ltr'>repe-</span> 
     </span>
     <span class='ocr_line' id='line_1_23' title="bbox 92 2932 1266 3023; baseline -0.006 -19"><span class='ocrx_word' id='word_1_170' title='bbox 92 2942 192 3016; x_wconf 84' lang='lat' dir='ltr'>ritur,</span> <span class='ocrx_word' id='word_1_171' title='bbox 231 2940 259 3004; x_wconf 90' lang='lat' dir='ltr'>si</span> <span class='ocrx_word' id='word_1_172' title='bbox 294 2941 469 3023; x_wconf 87' lang='lat' dir='ltr'>speotamus</span> <span class='ocrx_word' id='word_1_173' title='bbox 505 2938 603 3004; x_wconf 88' lang='lat' dir='ltr'>libros</span> <span class='ocrx_word' id='word_1_174' title='bbox 648 2940 885 3022; x_wconf 87' lang='lat' dir='ltr'>manuscriptos.</span> <span class='ocrx_word' id='word_1_175' title='bbox 915 2938 987 3001; x_wconf 89' lang='lat' dir='ltr'>Hue</span> <span class='ocrx_word' id='word_1_176' title='bbox 1021 2935 1150 3012; x_wconf 80' lang='lat' dir='ltr'>aceedit,</span> <span class='ocrx_word' id='word_1_177' title='bbox 1187 2932 1266 3018; x_wconf 89' lang='lat' dir='ltr'>quod</span> 
     </span>
     <span class='ocr_line' id='line_1_24' title="bbox 91 3040 1267 3126; baseline -0.007 -14"><span class='ocrx_word' id='word_1_178' title='bbox 91 3065 203 3112; x_wconf 87' lang='lat' dir='ltr'>uersus</span> <span class='ocrx_word' id='word_1_179' title='bbox 234 3045 324 3110; x_wconf 88' lang='lat' dir='ltr'>latini</span> <span class='ocrx_word' id='word_1_180' title='bbox 354 3047 419 3114; x_wconf 84' lang='lat'>333</span> <span class='ocrx_word' id='word_1_181' title='bbox 451 3046 562 3110; x_wconf 87' lang='lat' dir='ltr'>uerba:</span> <span class='ocrx_word' id='word_1_182' title='bbox 597 3045 783 3126; x_wconf 87' lang='lat' dir='ltr'>„extendens</span> <span class='ocrx_word' id='word_1_183' title='bbox 813 3046 882 3108; x_wconf 89' lang='lat' dir='ltr'>tum</span> <span class='ocrx_word' id='word_1_184' title='bbox 909 3040 1019 3106; x_wconf 90' lang='lat' dir='ltr'>deinde</span> <span class='ocrx_word' id='word_1_185' title='bbox 1048 3059 1159 3105; x_wconf 88' lang='lat' dir='ltr'>manus</span> <span class='ocrx_word' id='word_1_186' title='bbox 1181 3057 1267 3104; x_wconf 89' lang='lat' dir='ltr'>reso·</span> 
     </span>
     <span class='ocr_line' id='line_1_25' title="bbox 90 3151 1268 3235; baseline -0.008 -17"><span class='ocrx_word' id='word_1_187' title='bbox 90 3153 199 3218; x_wconf 88' lang='lat' dir='ltr'>nantis</span> <span class='ocrx_word' id='word_1_188' title='bbox 221 3151 260 3216; x_wconf 87' lang='lat' dir='ltr'>ad</span> <span class='ocrx_word' id='word_1_189' title='bbox 282 3151 398 3216; x_wconf 76' lang='lat' dir='ltr'>undas‘</span> <span class='ocrx_word' id='word_1_190' title='bbox 423 3171 522 3235; x_wconf 92' lang='lat' dir='ltr'>neque</span> <span class='ocrx_word' id='word_1_191' title='bbox 545 3173 616 3217; x_wconf 85' lang='lat' dir='ltr'>oum</span> <span class='ocrx_word' id='word_1_192' title='bbox 638 3151 892 3235; x_wconf 73' lang='lat' dir='ltr'>praecedentibus</span> <span class='ocrx_word' id='word_1_193' title='bbox 915 3167 1013 3230; x_wconf 89' lang='lat' dir='ltr'>neque</span> <span class='ocrx_word' id='word_1_194' title='bbox 1036 3167 1108 3212; x_wconf 90' lang='lat' dir='ltr'>oum</span> <span class='ocrx_word' id='word_1_195' title='bbox 1138 3161 1268 3228; x_wconf 89' lang='lat' dir='ltr'>sequen-</span> 
     </span>
     <span class='ocr_line' id='line_1_26' title="bbox 93 3253 1268 3334; baseline -0.009 -10"><span class='ocrx_word' id='word_1_196' title='bbox 93 3260 182 3324; x_wconf 91' lang='lat' dir='ltr'>tibus</span> <span class='ocrx_word' id='word_1_197' title='bbox 205 3257 269 3322; x_wconf 89' lang='lat' dir='ltr'>ulla</span> <span class='ocrx_word' id='word_1_198' title='bbox 291 3259 412 3323; x_wconf 89' lang='lat' dir='ltr'>ratione</span> <span class='ocrx_word' id='word_1_199' title='bbox 435 3261 555 3326; x_wconf 75' lang='lat' dir='ltr'>coeunt</span> <span class='ocrx_word' id='word_1_200' title='bbox 587 3259 781 3323; x_wconf 88' lang='lat' dir='ltr'>Praeeedunt</span> <span class='ocrx_word' id='word_1_201' title='bbox 804 3257 887 3320; x_wconf 90' lang='lat' dir='ltr'>enim</span> <span class='ocrx_word' id='word_1_202' title='bbox 909 3259 1003 3322; x_wconf 87' lang='lat' dir='ltr'>haee:</span> <span class='ocrx_word' id='word_1_203' title='bbox 1031 3253 1140 3332; x_wconf 77' lang='lat' dir='ltr'>„Facis</span> <span class='ocrx_word' id='word_1_204' title='bbox 1155 3253 1268 3334; x_wconf 80' lang='lat' dir='ltr'>ingens</span> 
     </span>
     <span class='ocr_line' id='line_1_27' title="bbox 93 3359 1270 3447; baseline -0.009 -17"><span class='ocrx_word' id='word_1_205' title='bbox 93 3367 223 3430; x_wconf 89' lang='lat' dir='ltr'>flamma</span> <span class='ocrx_word' id='word_1_206' title='bbox 239 3369 412 3430; x_wconf 83' lang='lat' dir='ltr'>eorusoat.“</span> <span class='ocrx_word' id='word_1_207' title='bbox 432 3364 608 3447; x_wconf 85' lang='lat' dir='ltr'>Sequuntur</span> <span class='ocrx_word' id='word_1_208' title='bbox 623 3366 716 3430; x_wconf 85' lang='lat' dir='ltr'>haee:</span> <span class='ocrx_word' id='word_1_209' title='bbox 743 3363 822 3445; x_wconf 88' lang='lat' dir='ltr'>„Sed</span> <span class='ocrx_word' id='word_1_210' title='bbox 837 3383 913 3429; x_wconf 89' lang='lat' dir='ltr'>uoeo</span> <span class='ocrx_word' id='word_1_211' title='bbox 924 3367 956 3428; x_wconf 90' lang='lat' dir='ltr'>te</span> <span class='ocrx_word' id='word_1_212' title='bbox 968 3362 1105 3446; x_wconf 90' lang='lat' dir='ltr'>primum</span> <span class='ocrx_word' id='word_1_213' title='bbox 1116 3359 1270 3424; x_wconf 86' lang='lat' dir='ltr'>seniorem</span> 
     </span>
     <span class='ocr_line' id='line_1_28' title="bbox 91 3464 1267 3555; baseline -0.008 -18"><span class='ocrx_word' id='word_1_214' title='bbox 91 3473 230 3537; x_wconf 86' lang='lat' dir='ltr'>Nerea“.</span> <span class='ocrx_word' id='word_1_215' title='bbox 253 3508 296 3518; x_wconf 89' lang='lat'>—</span> <span class='ocrx_word' id='word_1_216' title='bbox 321 3470 405 3549; x_wconf 83' lang='lat' dir='ltr'>Quae</span> <span class='ocrx_word' id='word_1_217' title='bbox 428 3491 499 3536; x_wconf 88' lang='lat' dir='ltr'>oum</span> <span class='ocrx_word' id='word_1_218' title='bbox 521 3473 567 3536; x_wconf 88' lang='lat' dir='ltr'>ita</span> <span class='ocrx_word' id='word_1_219' title='bbox 590 3471 664 3548; x_wconf 86' lang='lat' dir='ltr'>sint,</span> <span class='ocrx_word' id='word_1_220' title='bbox 688 3489 868 3555; x_wconf 86' lang='lat' dir='ltr'>persuasum</span> <span class='ocrx_word' id='word_1_221' title='bbox 891 3469 970 3533; x_wconf 89' lang='lat' dir='ltr'>mihi</span> <span class='ocrx_word' id='word_1_222' title='bbox 992 3469 1049 3545; x_wconf 87' lang='lat' dir='ltr'>est,</span> <span class='ocrx_word' id='word_1_223' title='bbox 1073 3464 1267 3531; x_wconf 88' lang='lat' dir='ltr'>Leodrisium</span> 
     </span>
     <span class='ocr_line' id='line_1_29' title="bbox 92 3569 1269 3661; baseline -0.01 -17"><span class='ocrx_word' id='word_1_224' title='bbox 92 3577 266 3644; x_wconf 84' lang='lat' dir='ltr'>Cribellum</span> <span class='ocrx_word' id='word_1_225' title='bbox 301 3577 584 3661; x_wconf 82' lang='lat' dir='ltr'>Argonautioorum</span> <span class='ocrx_word' id='word_1_226' title='bbox 625 3594 732 3642; x_wconf 87' lang='lat' dir='ltr'>uersus</span> <span class='ocrx_word' id='word_1_227' title='bbox 767 3577 898 3644; x_wconf 72' lang='lat' dir='ltr'>ter-7</span> <span class='ocrx_word' id='word_1_228' title='bbox 940 3575 1084 3650; x_wconf 89' lang='lat' dir='ltr'>uertisse,</span> <span class='ocrx_word' id='word_1_229' title='bbox 1116 3569 1269 3650; x_wconf 85' lang='lat' dir='ltr'>uersionis</span> 
     </span>
     <span class='ocr_line' id='line_1_30' title="bbox 92 3675 1268 3768; baseline -0.011 -18"><span class='ocrx_word' id='word_1_230' title='bbox 92 3684 202 3750; x_wconf 86' lang='lat' dir='ltr'>autem</span> <span class='ocrx_word' id='word_1_231' title='bbox 225 3703 334 3748; x_wconf 88' lang='lat' dir='ltr'>uersus</span> <span class='ocrx_word' id='word_1_232' title='bbox 358 3686 490 3752; x_wconf 72' lang='lat' dir='ltr'>sor-7</span> <span class='ocrx_word' id='word_1_233' title='bbox 520 3703 594 3749; x_wconf 88' lang='lat' dir='ltr'>oasu</span> <span class='ocrx_word' id='word_1_234' title='bbox 623 3683 757 3768; x_wconf 87' lang='lat' dir='ltr'>quodum</span> <span class='ocrx_word' id='word_1_235' title='bbox 787 3701 855 3748; x_wconf 89' lang='lat' dir='ltr'>esse</span> <span class='ocrx_word' id='word_1_236' title='bbox 884 3679 1012 3760; x_wconf 87' lang='lat' dir='ltr'>deletos.</span> <span class='ocrx_word' id='word_1_237' title='bbox 1057 3676 1147 3743; x_wconf 91' lang='lat' dir='ltr'>Nihil</span> <span class='ocrx_word' id='word_1_238' title='bbox 1169 3675 1268 3759; x_wconf 87' lang='lat' dir='ltr'>igitur</span> 
     </span>
     <span class='ocr_line' id='line_1_31' title="bbox 93 3782 1268 3872; baseline -0.008 -18"><span class='ocrx_word' id='word_1_239' title='bbox 93 3790 155 3866; x_wconf 88' lang='lat' dir='ltr'>est,</span> <span class='ocrx_word' id='word_1_240' title='bbox 187 3809 241 3855; x_wconf 88' lang='lat' dir='ltr'>our</span> <span class='ocrx_word' id='word_1_241' title='bbox 278 3789 439 3854; x_wconf 85' lang='lat' dir='ltr'>eradamus</span> <span class='ocrx_word' id='word_1_242' title='bbox 472 3789 544 3855; x_wconf 90' lang='lat' dir='ltr'>illos</span> <span class='ocrx_word' id='word_1_243' title='bbox 575 3787 721 3856; x_wconf 79' lang='lat' dir='ltr'>carminis</span> <span class='ocrx_word' id='word_1_244' title='bbox 752 3787 880 3872; x_wconf 89' lang='lat' dir='ltr'>Orphiei</span> <span class='ocrx_word' id='word_1_245' title='bbox 906 3805 1014 3854; x_wconf 88' lang='lat' dir='ltr'>uersus</span> <span class='ocrx_word' id='word_1_246' title='bbox 1044 3784 1077 3848; x_wconf 88' lang='lat' dir='ltr'>in</span> <span class='ocrx_word' id='word_1_247' title='bbox 1112 3782 1219 3848; x_wconf 85' lang='lat' dir='ltr'>codiee</span> <span class='ocrx_word' id='word_1_248' title='bbox 1250 3800 1268 3844; x_wconf 90' lang='lat' dir='ltr'>a</span> 
     </span>
    </p>
   </div>
   <div class='ocr_carea' id='block_1_7' title="bbox 92 3895 601 3998">
    <p class='ocr_par' dir='ltr' id='par_1_7' title="bbox 92 3895 601 3998">
     <span class='ocr_line' id='line_1_32' title="bbox 92 3895 601 3998; baseline -0.004 -36"><span class='ocrx_word' id='word_1_249' title='bbox 92 3895 228 3962; x_wconf 81' lang='lat' dir='ltr'>Oribello</span> <span class='ocrx_word' id='word_1_250' title='bbox 251 3895 390 3961; x_wconf 87' lang='lat' dir='ltr'>adhibito</span> <span class='ocrx_word' id='word_1_251' title='bbox 414 3915 475 3998; x_wconf 81' lang='lat' dir='ltr'>non</span> <span class='ocrx_word' id='word_1_252' title='bbox 496 3895 601 3962; x_wconf 80' lang='lat' dir='ltr'>fixisse.</span> 
     </span>
    </p>
   </div>
   <div class='ocr_carea' id='block_1_8' title="bbox 93 4099 1269 4354">
    <p class='ocr_par' dir='ltr' id='par_1_8' title="bbox 93 4099 1269 4354">
     <span class='ocr_line' id='line_1_33' title="bbox 187 4099 1267 4178; baseline -0.012 -16"><span class='ocrx_word' id='word_1_253' title='bbox 187 4105 214 4178; x_wconf 78' lang='lat'>⁹)</span> <span class='ocrx_word' id='word_1_254' title='bbox 232 4105 275 4162; x_wconf 82' lang='lat' dir='ltr'>Of.</span> <span class='ocrx_word' id='word_1_255' title='bbox 304 4123 373 4175; x_wconf 78' lang='lat' dir='ltr'>quae</span> <span class='ocrx_word' id='word_1_256' title='bbox 402 4106 437 4161; x_wconf 88' lang='lat' dir='ltr'>de</span> <span class='ocrx_word' id='word_1_257' title='bbox 462 4105 516 4162; x_wconf 89' lang='lat' dir='ltr'>hoe</span> <span class='ocrx_word' id='word_1_258' title='bbox 543 4122 627 4160; x_wconf 88' lang='lat' dir='ltr'>uersu</span> <span class='ocrx_word' id='word_1_259' title='bbox 654 4105 833 4160; x_wconf 81' lang='lat' dir='ltr'>Hermannus</span> <span class='ocrx_word' id='word_1_260' title='bbox 861 4100 1008 4158; x_wconf 81' lang='lat' dir='ltr'>annotauit</span> <span class='ocrx_word' id='word_1_261' title='bbox 1034 4101 1065 4154; x_wconf 91' lang='lat' dir='ltr'>in</span> <span class='ocrx_word' id='word_1_262' title='bbox 1083 4099 1267 4170; x_wconf 83' lang='lat' dir='ltr'>Orphieorum</span> 
     </span>
     <span class='ocr_line' id='line_1_34' title="bbox 93 4193 381 4265; baseline -0.017 -17"><span class='ocrx_word' id='word_1_263' title='bbox 93 4193 219 4249; x_wconf 84' lang='lat' dir='ltr'>editione</span> <span class='ocrx_word' id='word_1_264' title='bbox 236 4211 299 4265; x_wconf 80' lang='lat' dir='ltr'>pag.</span> <span class='ocrx_word' id='word_1_265' title='bbox 320 4197 381 4252; x_wconf 81' lang='grc'><strong>525,</strong></span> 
     </span>
     <span class='ocr_line' id='line_1_35' title="bbox 191 4274 1269 4354; baseline -0.013 -14"><span class='ocrx_word' id='word_1_266' title='bbox 191 4283 229 4354; x_wconf 83' lang='lat'>¹⁰)</span> <span class='ocrx_word' id='word_1_267' title='bbox 240 4282 276 4338; x_wconf 93' lang='lat' dir='ltr'>In</span> <span class='ocrx_word' id='word_1_268' title='bbox 285 4284 421 4340; x_wconf 84' lang='lat' dir='ltr'>uersionie</span> <span class='ocrx_word' id='word_1_269' title='bbox 430 4283 557 4338; x_wconf 87' lang='lat' dir='ltr'>uersibus</span> <span class='ocrx_word' id='word_1_270' title='bbox 568 4282 746 4338; x_wconf 82' lang='lat' dir='ltr'>numerandis</span> <span class='ocrx_word' id='word_1_271' title='bbox 765 4297 865 4350; x_wconf 86' lang='lat' dir='ltr'>sequor</span> <span class='ocrx_word' id='word_1_272' title='bbox 874 4279 1024 4336; x_wconf 88' lang='lat' dir='ltr'>editionem</span> <span class='ocrx_word' id='word_1_273' title='bbox 1034 4274 1269 4332; x_wconf 84' lang='lat' dir='ltr'>Hermannianam</span> 
     </span>
    </p>
   </div>
   <div class='ocr_carea' id='block_1_9' title="bbox 0 0 1534 4970">
    <p class='ocr_par' dir='ltr' id='par_1_9' title="bbox 0 0 1534 4970">
     <span class='ocr_line' id='line_1_36' title="bbox 0 0 1534 4970; baseline 0 0"><span class='ocrx_word' id='word_1_274' title='bbox 0 0 1534 4970; x_wconf 95' lang='lat' dir='ltr'> </span> 
     </span>
    </p>
   </div>
  </div>
 </body>
</html>
