3052 4970
553 460 773 528 „27-

91 636 162 703 676
185 631 265 698 ἑλὼν

91 742 162 809 723
186 733 351 815 ὑπέδεκτο,
370 739 451 823 qued
462 740 494 804 in
508 741 590 806 hunc
602 760 725 806 uersum
738 759 774 805 ex
789 760 881 805 uersu
893 740 1089 824 praecedenti
1102 743 1247 824 irrepsis-

164 866 196 912 se
220 847 352 911 uidetur.

90 955 162 1021 726
183 947 382 1038 Ἀμπυκίδην
401 949 536 1034 ’Ἱὸμωνα
574 996 579 1006 ·

49 1104 52 1112 ·
91 1060 161 1128 729
187 1062 263 1122 θῖνα

91 1167 161 1232 741
186 1167 297 1248 νέρθεν

90 1271 162 1337 742
186 1266 221 1333 de'
242 1291 297 1350 μιν
321 1267 438 1355 σκύρης
460 1268 624 1354 βοιατίὸος
648 1267 741 1354 ἅψεα
764 1281 866 1334 κεῖται

90 1378 162 1443 754
183 1370 325 1460 Ἀραξιῦν

91 1483 161 1548 773
184 1477 206 1564 ἥ
228 1504 284 1562 μιν

90 1589 161 1655 813
185 1584 308 1673 Αἰήτης
326 1585 453 1657 ,Μινύαι
475 1611 508 1650 τε

91 1695 162 1760 920
185 1690 332 1777 θεοειδής

91 1801 161 1868 925
185 1797 353 1862 anticaudae

93 1907 162 1973 945
187 1929 220 1968 τε
243 1903 329 1980 δαεὶς
352 1924 432 1990 φησι

92 2015 162 2081 964
186 2015 298 2074 πνίκον

70 2120 163 2185 1048
188 2124 214 2178 Γ
209 2120 301 2198 νμνοί
324 2116 489 2199 Βουνόμαι
511 2109 544 2181 Ιτε
568 2101 764 2201 natinaei·

70 2225 161 2299 1064
184 2219 383 2306 βαθνάγρων

70 2331 162 2397 1167
186 2326 255 2392 ἐπεὶ
279 2328 333 2392 νῦν
356 2326 418 2392 αἰεὶ

71 2438 161 2503 1172
185 2434 213 2499 εἰ
236 2433 279 2522 μή
305 2433 373 2518 τ’ἄρ

71 2543 161 2609 1217
185 2562 245 2626 σφε

72 2650 161 2716 1256
185 2644 369 2728 ἐπέσχομεν,
405 2648 484 2731 quod
513 2648 595 2712 haud
623 2648 714 2713 dubie
750 2648 878 2714 debetur
912 2649 1038 2714 librario
1074 2649 1172 2713 oculis
1208 2647 1246 2712 ad

185 2773 311 2819 uersum
335 2757 513 2837 sequentem
537 2756 704 2820 aberranti.

73 2861 161 2928 1287
184 2861 361 2944 Λεκτονίην
640 2851 642 2855 ’

72 2966 160 3033 1366
186 2965 333 3050 Κραναὴν

163 3070 223 3136 Sed
253 3072 395 3137 nolumus
419 3072 575 3136 cumulare
605 3072 759 3155 exempla;
792 3092 869 3155 quae
893 3073 1055 3137 attulimus
1086 3072 1163 3135 satis
1194 3091 1246 3136 su-

71 3196 186 3260 perque
211 3178 322 3242 dccent
345 3179 464 3244 cedices
488 3179 512 3242 L
529 3180 557 3242 R
575 3179 600 3243 U
617 3178 637 3242 S
654 3180 719 3246 Mt
738 3182 770 3243 et
787 3183 807 3248 2
824 3199 860 3242 ex
884 3199 943 3244 unc
967 3181 999 3242 et
1023 3177 1130 3244 eudem
1150 3177 1246 3253 fonte,

73 3302 164 3364 quem
182 3284 335 3348 auctora
358 3285 548 3368 significabo,
576 3305 643 3350 esse
668 3286 834 3351 deriuatcs.
881 3286 989 3368 Neque
1013 3283 1091 3348 illud
1123 3284 1245 3349 obstare

72 3387 206 3466 uidetur,
231 3391 311 3473 quud
332 3391 365 3455 in
388 3392 437 3455 his
460 3391 548 3456 libris
573 3392 718 3457 nonnulla
740 3412 831 3458 uerae
855 3392 1080 3475 discrepantiae
1104 3391 1244 3474 exempla

73 3495 277 3578 reperiuntur.
325 3496 392 3575 Qua
416 3497 453 3562 de
476 3518 509 3562 re
532 3497 623 3581 plura
647 3499 784 3562 dicemus
806 3499 924 3581 postea.

162 3602 207 3666 At
229 3603 338 3680 habeo,
363 3622 439 3686 quae
456 3602 567 3668 addam
583 3603 620 3667 de
644 3605 765 3686 urigine
778 3604 940 3679 ¹codicum,
965 3602 1109 3685 equibus
1126 3601 1247 3667 familia

13 3709 16 3720 '
75 3711 100 3764 Φ
122 3710 255 3774 constat.
301 3711 329 3773 R
353 3712 385 3773 et
409 3709 429 3774 S
454 3709 626 3774 dridericus
651 3707 850 3791 Schubertssss)
881 3708 1105 3774 demonstrauit
1136 3727 1190 3790 pru
1214 3726 1246 3772 se

74 3813 288 3901 ut·umque³⁴)
313 3817 465 3898 originem
482 3817 613 3881 traxisse
637 3835 673 3881 ex
696 3818 803 3882 ecdem
826 3816 906 3881 libre
929 3835 948 3878 x
970 3817 1033 3880 iam
1056 3834 1116 3879 nen
1139 3834 1247 3898 super·

165 3987 202 4057 ³³)
221 3988 261 4042 cf.
286 3990 542 4059 Sitzungsberichte
570 3992 620 4046 der
647 3991 794 4068 hist-phit.
820 3991 922 4044 Klesse
952 3991 1001 4044 der
1023 3989 1134 4043 kaiserl.
1154 3989 1245 4044 Akad.

76 4073 123 4127 der
140 4075 225 4131 Wiss.
245 4097 277 4131 zu
296 4078 378 4132 Wien
403 4079 464 4134 1881
487 4080 541 4133 uel.
561 4079 690 4133 XCVIII
708 4081 801 4134 tom.2
821 4099 885 4150 pag.
906 4079 967 4134 457.

163 4165 201 4235 ³⁴)
225 4166 339 4220 Codices
368 4167 394 4220 R
422 4173 450 4221 et
478 4167 498 4222 S
532 4186 586 4222 non
615 4169 699 4221 alium
732 4187 765 4223 ex
796 4170 851 4222 alio
882 4185 1009 4222 manasse
1040 4167 1150 4220 ostendi
1181 4153 1245 4234 poet

76 4249 245 4306 Fridericum
264 4253 408 4309 Schubert.
