3052 4970
572 422 793 488 -le'i-.-

78 595 185 676 Isque
206 596 369 677 praecipue
392 595 530 659 continet
551 595 674 662 Musaei
707 595 743 660 de
767 594 891 660 Herone
915 598 947 660 et
971 595 1110 659 Leandro
1134 615 1267 671 carmen,

77 700 210 782 Orphei
233 699 446 783 Argonautica
478 701 510 764 et
532 701 674 782 hymnos,
707 701 784 764 item
807 701 942 783 hymnos
961 701 1090 766 Homeri
1119 704 1151 766 et
1173 700 1269 766 (lalli-

82 806 210 880 machi,
234 807 375 870 ueterum
399 806 529 888 denique
553 808 811 889 epigrammatum
836 807 1063 872 collectanea.“

188 913 244 997 28)
269 912 363 976 codex
385 912 581 976 Matritensis
604 913 693 981 Nar
718 914 897 978 chartaceus
921 913 1036 978 saeculi
1058 914 1127 990 XV,
1151 912 1188 977 de
1211 931 1269 996 quo

81 1019 223 1082 Iriarte:
264 1019 369 1096 „totus
400 1019 480 1082 liber
510 1017 618 1087 latinis
649 1018 763 1100 glossis
793 1019 874 1101 nigri
907 1019 1018 1084 coloris
1046 1019 1267 1104 interscriptis,

81 1124 215 1205 graecis
246 1141 319 1188 uero
349 1122 611 1188 adnotatiunculis
642 1143 735 1188 manu
775 1123 813 1189 ad
844 1122 984 1207 singulos
1015 1122 1080 1188 fere
1110 1125 1267 1206 margines

80 1228 258 1312 adscriptis
280 1228 486 1294 illustratur.“
967 1294 970 1299 .

183 1337 239 1422 29)
263 1334 358 1400 codex
366 1334 800 1404 AehburnhamensisL1198
808 1335 1061 1400 membranaceus
1073 1335 1266 1401 saeculiXV.

185 1441 242 1527 30)
265 1441 1186 1512 coderAsbumhamsnsisL1443membranaceussaecnli
1197 1443 1266 1506 XV.
1379 1467 1382 1474 ·

184 1551 241 1628 31)
265 1547 359 1614 codex
381 1547 570 1614 Harleianus
594 1531 693 1616 1752.Ι

183 1655 227 1720 Hi
244 1654 375 1732 codices,
399 1654 437 1719 ds
453 1655 562 1736 quibus
578 1675 598 1718 a
612 1654 763 1720 Riceardo
779 1655 923 1720 lloerster
940 1655 1053 1718 certior
1068 1653 1171 1719 factus
1187 1671 1266 1730 sum,

82 1762 146 1844 qui
169 1780 239 1826 cum
253 1750 377 1826 ltaliam
389 1761 587 1826 Britanniam
599 1759 736 1825 Galliam
750 1761 936 1843 Hispaniam
951 1762 1140 1843 peragraret,
1155 1779 1206 1825 eos
1218 1761 1267 1824 in-

84 1868 205 1950 spexit,
224 1884 285 1930 non
302 1884 408 1930 omnes
424 1867 483 1931 toti
499 1866 537 1930 ab
553 1884 589 1931 eo
603 1866 671 1931 uiro
687 1865 775 1930 docto
791 1866 864 1930 sunt
875 1864 991 1941 collati,
1008 1865 1061 1930 sed
1076 1884 1150 1948 pars
1161 1884 1265 1930 corum

84 1975 141 2038 est
154 1970 286 2054 singulis
298 1973 420 2036 tanturn
432 1971 509 2036 locis
523 1973 674 2055 inspecta.
698 1971 734 2036 ld
749 1990 822 2037 uero
838 1971 987 2036 affirmari
1002 1990 1093 2054 posse
1104 1990 1163 2053 ego
1176 1971 1266 2037 credo

85 2079 166 2144 illos
177 2078 270 2143 libros
281 2078 508 2161 manuscriptos
527 2076 566 2142 ad
578 2078 671 2142 crisin
689 2076 806 2161 Orphei
817 2077 1039 2160 Argonauticis
1063 2076 1264 2142 adhibendam

84 2185 165 2268 post
179 2183 298 2248 LRSU
309 2183 437 2249 inutiles
447 2182 627 2250 fereomnes
636 2201 718 2259 esse3
732 2181 855 2248 stidem
864 2181 1044 2250 affirmatH.
1054 2183 1135 2248 Abel
1146 2183 1264 2249 dicens:

88 2290 317 2372 „Wenigstens
336 2291 414 2355 habe
432 2291 484 2354 ich
510 2288 546 2354 in'
571 2289 630 2354 den
648 2288 866 2354 Bibliothelren
887 2309 925 2353 au
944 2289 1102 2370 Venedig,
1122 2289 1264 2364 Ferrara,

45 2427 48 2432 ·
86 2397 243 2480 Bologna,
267 2395 411 2472 Modena,
435 2397 571 2477 Breseia,
595 2397 737 2472 Mantua,
753 2395 892 2477 Florem,
909 2397 999 2472 Rom,
1016 2393 1147 2478 Neapel,
1162 2395 1263 2472 Paris,

89 2555 203 2611 Lascar.
230 2553 402 2624 grammatic.
429 2571 494 2624 pag.
523 2553 557 2609 76
583 2570 680 2607 auersa
704 2553 747 2607 ed.
766 2552 867 2608 Uenet.
887 2553 955 2608 1512
982 2551 1045 2606 coll.
1064 2551 1160 2606 Herm.
1180 2551 1266 2621 praef.

89 2643 214 2698 Dracon.
227 2660 291 2712 pag.
304 2641 402 2713 XVl);
416 2641 512 2696 etalio
525 2641 601 2696 loco:
619 2640 659 2692 Τὰ
674 2637 703 2692 δὲ
715 2641 766 2692 τοῦ
776 2639 892 2712 Ὀρφέως
904 2640 952 2710 (de
964 2639 1162 2710 Argonauticis
1175 2644 1280 2694 autern·

87 2731 229 2801 loquitur)
253 2729 296 2782 διὰ
320 2729 371 2796 τὴν
389 2727 537 2782 coioniae
556 2733 600 2780 καὶ
618 2727 670 2794 τὴν
689 2725 831 2792 δυστυχίαν
850 2732 942 2796 γένους
959 2729 1094 2780 τοσοῦτον
1113 2725 1268 2796 ἠφάνισται,

88 2819 164 2870 ὥστε
187 2816 263 2885 μόλις
281 2817 451 2890 εὑρίσκεσθαι
468 2815 546 2886 ὀλίγα
563 2816 636 2876 τινὰ,
655 2820 700 2868 καὶ
718 2818 805 2868 ταῦτα
822 2813 1012 2888 διεφθαρμένα
1037 2820 1083 2866 καὶ
1107 2815 1266 2884 ἀνεξήγητα.

95 2909 189 2958 Ταῦτα
213 2907 264 2979 γὰρ
288 2908 318 2958 ἐν
341 2907 375 2972 τῇ
394 2905 472 2958 πόλει
489 2907 529 2970 τῷ
550 2903 714 2970 Μεδιολάνῳ
732 2897 829 2978 εὗρον,
852 2906 958 2976 ἔγραψά
977 2924 1016 2964 τε,
1038 2909 1082 2956 aral
1101 2917 1158 2958 τοῖς
1176 2900 1267 2958 ἄλλοις

89 2993 257 3060 κοινωνήσας
280 2997 324 3044 καὶ
348 2990 464 3054 διδάξαι,
488 2989 549 3045 οὐδὲ
574 2989 691 3060 δύναμαι
709 2989 807 3059 εὑρεῖν,
832 2991 871 3047 οἷς
890 2993 1015 3062 παρόντα
1033 2988 1215 3063 &capriniacum
1232 2991 1262 3041 ἐν

89 3080 204 3137 πολλοῖς
221 3080 360 3152 duplanda
378 3079 446 3135 ὄντα
473 3082 522 3154 (cl.
540 3081 728 3152 Hambergeri
746 3081 864 3151 praefat.
890 3081 924 3134 ab
937 3080 1102 3134 Hermanno
1115 3079 1265 3149 repetitam

88 3187 157 3241 aas·
175 3168 304 3223 XXXIV
323 3171 386 3240 enl·
634 3169 636 3173 ’

164 3259 291 3328 Apparet
309 3258 457 3313 Lascarem
468 3259 659 3326 Argonautica
671 3257 822 3312 Mediolani
840 3257 949 3326 abipso
968 3259 1081 3326 reperta
1095 3272 1119 3309 a.
1135 3254 1204 3310 1464
1216 3270 1265 3308 sua

89 3362 178 3400 manu
195 3345 381 3415 descripsisse,
400 3335 539 3414 descripta
556 3345 668 3414 publice
685 3346 898 3416 interpretatum
917 3360 985 3400 esse.
1013 3344 1054 3397 At
1066 3341 1137 3396 nihil
1149 3345 1200 3408 est,
1213 3357 1264 3396 cur

88 3433 246 3499 credamus,
269 3434 342 3503 quod
361 3433 473 3488 fuerunt
490 3434 538 3498 qui
557 3435 763 3499 contenderent,
782 3433 860 3486 illurn
880 3432 971 3485 uirum
990 3432 1103 3486 doctum
1121 3429 1174 3484 hoc
1193 3446 1263 3499 opus

90 3523 201 3578 sculum
213 3521 364 3592 Orphicum
377 3526 405 3576 et
416 3522 586 3577 recensuisse
598 3525 627 3576 et
639 3522 714 3590 typis
727 3520 937 3590 exprimendum
949 3536 1068 3575 curasse.
1088 3516 1161 3572 Nam
1172 3517 1282 3597 adhue⁸

90 3627 228 3680 nusquam
239 3613 364 3679 gentium
377 3610 533 3680 exemplum
544 3610 609 3665 talis
621 3609 752 3664 editionis
765 3609 909 3663 inuentum
925 3613 982 3674 est;
1001 3623 1091 3675 neque
1102 3605 1160 3660 ulla
1170 3609 1264 3660 textus

91 3699 231 3772 recogniti
249 3699 369 3770 uestigia
386 3703 451 3754 sunt
468 3699 498 3752 in
516 3698 612 3754 codice
631 3715 714 3766 quem
726 3696 855 3750 Irasceris
874 3694 993 3765 scripsit,
1013 3693 1206 3748 MatritensiN
1219 3693 1263 3748 24.

92 3789 178 3858 Cujus
195 3775 364 3857 inmergine
382 3790 479 3842 notata
498 3791 563 3842 sunt
574 3786 687 3842 nomina
698 3787 813 3855 propria
825 3788 854 3840 et
867 3783 974 3839 scholia
986 3782 1158 3846 breuissima,
1178 3781 1263 3836 etiam

90 3879 167 3932 inter
184 3876 272 3930 lineas
291 3875 398 3930 scholia
410 3874 574 3929 breuissima
584 3875 776 3944 reperiuntur:
794 3873 866 3927 nihil
877 3871 963 3927 aliud.
991 3870 1095 3926 Uatiae
1108 3869 1263 3938 scripturae

89 3968 121 4020 in
145 3965 199 4019 hoc
221 3965 318 4018 codice
341 3980 398 4019 non
419 3965 558 4032 leguntur,
586 3963 636 4017 sed
655 3966 720 4016 sunt
743 3977 856 4031 prorsus
874 3960 996 4021 eaedem,
1024 3974 1095 4026 quae
1118 3957 1148 4010 in
1166 3955 1263 4012 codice

91 4053 258 4125 Placentino
278 4055 294 4109 6
312 4055 377 4106 ante
395 4052 466 4106 illud
484 4055 602 4120 tempus,
622 4068 646 4107 a.
666 4050 745 4115 1437,
765 4049 868 4117 scripto
885 4051 916 4101 ,et
933 4047 963 4100 in
981 4045 1082 4100 ceteris
1101 4044 1204 4114 peioris
1222 4043 1262 4096 la·

90 4142 188 4196 miliae
214 4140 301 4194 libris.
345 4139 511 4194 (iuraturum
541 4138 626 4192 luisse
654 4136 803 4192 Lascsrem
830 4133 1084 4204 Argonauticorum
1111 4132 1262 4186 editionem

96 4229 193 4284 nmoio
211 4245 247 4282 an
265 4227 423 4295 concedam,
442 4230 472 4280 at
489 4242 546 4279 non
558 4225 674 4290 curauit,
694 4240 783 4294 neque
800 4222 906 4289 habuit,
925 4219 998 4275 unde
1017 4217 1262 4275 emendaret-uitia

90 4333 165 4386 qnae
182 4317 213 4370 in
229 4316 283 4370 hoc
302 4315 425 4372 carmine
440 4315 530 4370 inesse
547 4313 723 4369 uidebantur.
