3052 4970
577 413 937 539 -ει-”

77 631 192 729 alios,
231 669 360 734 quorum
395 648 597 715 hemistichia
630 667 649 713 a
680 647 815 714 Orihello
850 646 933 714 inter
962 666 996 712 so
1031 648 1269 714 commutantur.

101 758 221 821 Ponam
243 775 317 822 uero
340 757 403 828 hoe⁴
420 753 730 839 unum-exemplum:

145 861 275 944 Legitur
305 881 334 925 ιι.
360 864 424 930 205
448 856 570 943 ἀγλαὸν
592 856 732 946 ἠνορέην,
765 857 865 942 δέμας
886 855 1006 922 εἴκελον
1028 852 1252 922 ἀθανάτοισιν.

100 967 180 1050 apud
193 966 377 1033 Oribellum:
402 967 534 1052 Corpore
551 967 598 1032 dis
613 967 759 1045 similem,
784 968 817 1032 st
831 966 1003 1049 praestanti
1018 965 1128 1031 robore
1143 962 1270 1030 clarum.

188 1072 303 1158 Itaque
326 1073 496 1139 cauendum
520 1074 577 1152 est,
601 1092 640 1138 ne
656 1074 783 1157 optimis
798 1073 954 1139 codicibus
968 1071 1157 1156 posthabitis
1172 1073 1271 1136 inter·

100 1179 276 1263 pretatione
309 1178 408 1244 latina
438 1198 697 1262 commoneamur,
732 1182 769 1245 ut
790 1180 1073 1264 Argonauticorum
1103 1178 1199 1245 uerba
1221 1178 1272 1243 uel

99 1305 208 1351 uersus
243 1287 496 1352 transmutamus.
548 1287 652 1369 Atque
687 1305 762 1370 quas
796 1287 855 1353 hac
889 1287 926 1352 de
961 1305 995 1352 re
1029 1284 1100 1350 inde
1134 1286 1274 1355 hauserit

100 1391 263 1474 quispiam,
287 1391 520 1458 emendationes
542 1411 668 1475 prorsus
692 1395 765 1458 sunt
787 1392 1007 1475 aspernandae.

193 1499 235 1563 lit
257 1499 337 1580 quod
362 1518 455 1583 supra
486 1500 549 1565 dixi
574 1499 744 1568 eriballum
767 1519 986 1583 nonnunquam
1014 1519 1093 1583 quae
1116 1500 1149 1564 in
1171 1498 1275 1582 Argo·

100 1605 235 1669 nauhcis
251 1603 440 1687 legerentur,
457 1606 610 1672 uocabula
625 1607 749 1673 omnino
765 1625 825 1671 non
841 1605 1021 1684 reddidisse,
1039 1607 1146 1671 contm
1160 1603 1273 1683 multa,

100 1731 179 1795 quae
210 1712 255 1777 ihi
284 1732 346 1777 non
377 1716 544 1792 exstarent,
573 1713 742 1791 effinxisse,
765 1713 797 1778 id
820 1731 928 1778 uerum
952 1731 1019 1779 esse
1043 1711 1192 1777 facillime
1221 1730 1274 1776 co·
1325 1697 1332 1708 ’

101 1835 243 1900 gnoseos,
261 1819 288 1882 si
299 1819 439 1883 animum
455 1821 624 1885 intenderis
640 1821 796 1904 imprimis
815 1821 848 1885 in
863 1820 1021 1885 adiectiua
1036 1836 1113 1901 quae
1129 1817 1275 1890 dicuntur

101 1925 253 1991 ornantia.
290 1924 376 2003 Quae
400 1945 619 2009 saepenumero
643 1927 675 1991 in
698 1927 843 1992 uersione
864 1926 1084 2010 praetermissa
1108 1942 1177 1989 esse
1199 1941 1272 2006 rep-

21 2025 24 2032 ’
101 2031 178 2113 peri.
223 2030 293 2096 Hoc
316 2049 421 2096 meum
443 2033 551 2114 paucis
575 2015 727 2116 exemplis
747 2033 874 2098 firmare
904 2033 1008 2101 liceat.
1054 2029 1275 2094 Praetermisit

101 2138 206 2202 autom
224 2134 376 2203 Oribellus
399 2139 562 2218 uocabula,
586 2141 720 2224 quaein
744 2140 881 2204 carmine
904 2155 1016 2221 graeco
1039 2137 1156 2214 insunt,
1180 2136 1272 2200 hacc:

250 2263 280 2312 u.
328 2246 369 2313 55
393 2242 632 2329 φαεσιμβρότου
657 2241 818 2332 [Ἠελίοιο]

253 2370 283 2415 ιι.
329 2351 370 2418 61
395 2348 531 2415 πότνιαν
556 2347 674 2438 [Ἥρην]
761 2421 762 2424 ¹

252 2476 282 2522 ιι.
330 2459 371 2526 71
396 2454 463 2533 δῖος
488 2453 622 2545 [Ἰήσων]

252 2583 282 2628 ιι.
329 2564 371 2631 77
395 2563 470 2647 φίλε
495 2560 611 2651 [κοῦρε]

251 2688 281 2735 ιι.
306 2672 371 2739 134
394 2669 566 2754 περικλυτὴ
593 2665 825 2758 [Εὐπολέμεια]

253 2797 284 2842 u.
310 2777 375 2844 138
398 2773 617 2862 χροσόῤῥαπις
641 2771 891 2864 [Ἀργειφόντης]

250 2901 281 2950 ιι.
303 2885 369 2967 Ι141
395 2879 549 2967 χρυσάορα
573 2880 704 2971 [Φοίβῳ]

253 3009 285 3052 ιι.
309 2988 375 3057 238
397 2979 475 3074 ἁλίη
500 2985 599 3077 [νῆας]

250 3114 282 3158 ιι.
306 3095 372 3162 246
394 3089 529 3157 εόλαλον
553 3088 677 3182 [Αργιὺ]

252 3221 282 3269 ιι.
307 3201 371 3268 316
396 3197 541 3287 [αἰθέρα]
565 3197 636 3263 δῖαν

253 3326 283 3370 ιι.
307 3307 372 3374 476
396 3303 512 3380 κλυτός
536 3297 765 3392 [Ὑψιπύλεια]
846 3297 851 3308 ’

251 3432 281 3477 ιι.
305 3414 372 3480 480
397 3408 549 3500 [Κίπρις]
573 3408 792 3498 ἒρωτοτρόφος

248 3538 280 3584 ιι.
304 3519 370 3588 494
393 3515 596 3600 γλαυκώπιδι
621 3514 843 3606 [Τριτογενείῃ]

252 3645 283 3691 ιι.
307 3625 372 3694 678
396 3623 512 3688 κλυτοό
536 3621 668 3712 [Βορέω]

251 3750 281 3797 ιι.
306 3733 371 3801 697
394 3729 582 3814 γλαυκῶπις
605 3725 750 3819 [Αθίνη]

252 3858 283 3904 u.
307 3840 373 3907 870
396 3835 571 3920 αἰνόγαμος
594 3833 745 3925 [Μήδεια]
776 3908 779 3913 ,

252 3963 283 4010 ιι.
307 3945 372 4012 909
396 3940 574 4029 ὄεινολεχὴς
598 3939 749 4030 [Μήδεια]

253 4046 479 4137 ιι.1031[νόξ]
503 4044 701 4135 ἆστροχίτων

254 4176 284 4224 ιι.
295 4157 381 4223 1033
398 4151 565 4240 ἑρικλυτοῦ
589 4150 793 4242 [Ἀψύρτοιο]

251 4281 283 4326 ιι.
294 4262 382 4328 1060
397 4257 578 4343 βοοκλόπος
602 4256 729 4348 [Τιτὰν]
