3052 4970
595 429 815 494 ..47-

207 603 285 667 Post
299 603 424 667 renatas
438 602 562 667 litteras
585 603 664 685 quod
681 602 796 686 Orphei
811 621 923 668 nornen
938 622 1011 687 prae
1028 623 1060 669 se
1081 603 1152 686 fert,
1168 625 1295 670 carmen

113 708 157 772 de
179 707 400 791 Argonautiois
424 709 631 791 compositum
670 708 704 772 iu
731 706 833 772 lucem
856 707 1013 792 prolatum
1037 712 1086 774 est
1116 711 1153 775 ab
1177 713 1292 777 Ioanne
1364 701 1368 710 ’

113 815 253 898 Aurispa
277 815 311 878 et
333 814 499 879 Franciseo
521 812 695 898 Philelpho,
726 834 855 897 qnorum
886 814 966 879 alter
989 815 1157 898 cupiditate
1181 836 1294 900 graece

114 919 256 986 discendi
286 920 433 985 incitatus
457 919 759 1003 Constantinopolim
783 939 815 986 se
840 921 983 998 eontulit,
1007 920 1087 986 alter
1109 922 1147 987 ab
1165 923 1297 987 Uenetis.

113 1026 158 1092 ad
183 1025 412 1110 praefecturam
436 1026 810 1110 Constantinopohtanam
841 1028 1027 1092 secretarius
1047 1028 1162 1120 missus
1185 1027 1290 1113 est⁶¹).

113 1131 175 1197 Ille
198 1133 323 1198 nauone
347 1131 469 1197 Siculus
492 1153 563 1196 cum
586 1152 666 1198 anno
695 1130 830 1218 1423Η)
862 1134 895 1197 iu
924 1132 1050 1198 Italiam
1073 1135 1295 1211 reuerteretur,

112 1240 265 1305 Uenetiae
294 1238 420 1303 aduenit
450 1257 596 1321 magnam
628 1238 768 1303 codicum
798 1240 929 1322 copiam,
967 1240 1051 1304 inter
1081 1257 1157 1322 quos
1196 1241 1292 1306 etiam

113 1345 235 1428 Orphei
268 1344 482 1427 Argonautica
515 1342 649 1410 inerunt.
689 1347 808 1410 Ponam
837 1364 911 1411 uero
946 1364 1002 1423 ea,
1045 1365 1122 1429 quae
1157 1347 1297 1430 Aurispa

113 1451 156 1516 de
190 1452 240 1516 his
276 1469 351 1534 quos
386 1469 403 1515 e
438 1449 569 1516 Graecia
602 1450 756 1516 attrrlerat
788 1452 877 1517 libris
899 1472 955 1535 per
985 1452 1109 1518 litteras
1141 1473 1168 1520 a.
1194 1453 1222 1518 d.
1247 1454 1320 1518 Vl

114 1556 191 1621 Kal.
215 1556 300 1640 Sept.
328 1551 460 1642 1423⁶⁰)
488 1557 577 1622 datas
600 1556 639 1622 ad
662 1557 862 1622 Ambrosium
885 1559 1074 1636 Treuersari‚
1104 1559 1291 1625 monachum

118 1662 391 1728 Camaldulensem
413 1664 552 1730 rettulit:
573 1663 770 1744 ,Gentihum
793 1664 965 1728 Auctorem
987 1662 1157 1742 uolumina,
1181 1665 1294 1746 inquit,

114 1770 260 1835 Uenetiis
285 1770 382 1835 haheo
406 1769 538 1836 ducenta
561 1770 694 1852 triginta
717 1771 796 1846 octo,
820 1771 989 1852 exquibus
1014 1770 1117 1852 aliqua
1140 1771 1200 1834 tibi
1214 1788 1292 1852 quae
1325 1852 1329 1858 .

117 1875 279 1939 rarisshne
296 1875 430 1939 inueniri
446 1875 547 1941 solent
560 1875 745 1941 nominatim
761 1875 872 1940 dicam.
897 1875 979 1940 Nam
991 1894 1049 1940 nec
1060 1875 1164 1940 emnia
1175 1894 1296 1940 memo·

115 1981 166 2046 ria
200 1980 310 2058 habeo,
340 1985 372 2045 et
402 1981 430 2045 si
456 1981 590 2045 manime
613 1981 798 2060 recordarer,
822 1980 949 2064 longum
973 1983 1055 2045 esset
1078 1981 1181 2046 omnia
1204 1981 1296 2045 dinu-

113 2105 255 2150 merare:
285 2087 497 2168 Argonautica
520 2086 635 2171 Orphei
666 2091 698 2151 et
726 2086 863 2151 eiusdem
894 2087 1032 2153 auctoris
1063 2087 1103 2151 t'
1156 2086 1201 2173 (i)
1228 2086 1292 2152 elia

114 2191 267 2275 opuscula
290 2194 321 2256 et
344 2193 486 2276 hymnos,
511 2192 745 2270 Callimachum,
769 2213 862 2276 quam
884 2193 1034 2276 plurimas
1057 2193 1185 2259 Pindari
1208 2193 1295 2272 odas,

113 2297 239 2362 Laudes
263 2297 390 2364 deorum
413 2300 553 2378 Homeri,
586 2318 648 2364 non
670 2318 802 2382 paruum
825 2318 910 2381 opus,
936 2298 1113 2382 Oppianum
1135 2299 1172 2362 de
1196 2317 1292 2363 uena·

116 2404 216 2481 tione,
247 2405 325 2468 item
356 2405 394 2469 de
424 2406 543 2469 naturis
565 2405 707 2488 piscium,
738 2442 782 2450 —
810 2404 865 2469 sed
893 2404 926 2469 id
955 2424 1061 2469 rarum
1082 2423 1143 2469 non
1166 2406 1224 2481 est,
1252 2441 1289 2451 -

117 2510 331 2594 Phooylidem,
354 2509 547 2596 καθαρμοὺς
566 2507 829 2592 Ἐμπεδοκλέους,
854 2511 1071 2575 Aristarchum
1087 2528 1178 2594 super
1193 2510 1292 2574 Iliade

115 2617 152 2680 in
187 2616 303 2681 dnobus
338 2616 564 2696 uoluminibus,
600 2617 782 2682 Naucratici
817 2617 977 2682 cniusdam
1017 2617 1219 2710 Atheniensis
1255 2617 1293 2699 (l)

117 2722 266 2788 uolumen
289 2723 440 2806 quoddam
462 2724 632 2789 maximum
655 2742 712 2788 uec
735 2723 835 2788 adhuc
857 2722 980 2787 finitum
1003 2723 1040 2788 de
1064 2723 1198 2790 coenis.“

208 2830 323 2894 Paucis
353 2831 443 2894 annis
473 2832 638 2913 postquam
667 2829 802 2914 Aurispa
839 2829 873 2893 in
903 2829 1030 2894 ltaliam
1059 2829 1163 2906 rediit,
1196 2829 1293 2894 etiam

115 2936 301 3000 lhanciscus
332 2935 513 3018 Philelphus
544 2936 726 3003 Tolentiuas
765 2935 902 3001 codicem
934 2935 1050 3017 Orphei
1080 2933 1296 3017 Argonautica

116 3041 331 3107 continentem
361 3042 394 3106 in
431 3042 565 3125 patriam
596 3061 702 3108 secum
735 3039 871 3107 adduxit.
926 3041 989 3105 Hic
1022 3040 1071 3103 nir
1101 3039 1294 3116 clarissimus

116 3148 154 3212 in
183 3147 247 3225 illo,
278 3167 370 3231 quem
396 3168 488 3233 snpra
514 3149 765 3224 commemoraui,
795 3147 982 3229 magistratu
1006 3146 1292 3229 Constantinopoli·

117 3305 171 3374 qui
197 3305 317 3360 donante
340 3305 396 3362 Ab.
421 3305 530 3360 Thema
555 3304 698 3375 Ualperga
722 3303 834 3358 Calusio
858 3303 894 3359 U.
920 3303 962 3357 Ol.
991 3302 1063 3358 illati
1091 3305 1156 3356 sunt
1175 3302 1204 3355 iu
1221 3301 1295 3372 Reg.

117 3391 302 3447 Taurinensis
320 3392 460 3446 Athenaei
477 3392 685 3456 bibliothecam,
703 3409 768 3462 pag.
787 3391 875 3461 68j69.

214 3483 253 3552 ⁶¹)
271 3481 314 3536 Cf.
326 3481 470 3551 Philelphi
488 3482 635 3551 epistulam
647 3479 713 3536 Kal.
726 3480 798 3550 Aug.
820 3481 889 3535 1465
902 3478 938 3534 ad
949 3479 1127 3534 Leodrisium
1140 3479 1293 3533 Oribellum

117 3569 226 3626 datam.
264 3569 406 3639 Philelphi
424 3570 559 3638 epistulae
577 3569 726 3625 obseruate
745 3585 879 3622 annerum
897 3568 995 3622 ordine
1013 3568 1144 3636 deinceps
1160 3568 1295 3621 collectae

119 3655 269 3724 editaeque
292 3661 364 3713 sunt
400 3656 539 3725 Equidem
561 3661 626 3712 utor
647 3656 769 3724 editione
794 3656 859 3709 anni
883 3656 952 3711 1502
971 3655 1136 3720 Uenetiana,
1159 3672 1213 3722 qua
1235 3671 1294 3709 me·

120 3745 222 3798 liorem
236 3762 292 3798 uon
309 3745 457 3800 inueneris.
476 3746 519 3799 Oi.
533 3745 618 3800 etiarn
631 3744 665 3802 G.
677 3743 764 3816 Voigt
776 3742 1032 3814 Wiederbelebung
1044 3743 1092 3798 des
1105 3743 1186 3796 klaas.
1197 3742 1293 3797 Alter·

119 3833 215 3888 thums
234 3835 290 3890 rol.
308 3832 325 3888 1
342 3851 405 3904 pag.
424 3833 506 3889 251².

214 3922 254 3993 ⁸⁹)
272 3921 314 3976 Of.
335 3921 427 3993 Voigt,
446 3919 711 3992 Wiederbelebung,
730 3923 786 3977 uol.
804 3919 829 3976 1.
847 3938 911 3990 pag.
931 3919 1029 3991 ausser
1047 3921 1104 3973 not.
1127 3920 1150 3984 1,
1171 3919 1231 3975 348.

214 4009 253 4080 ³⁸)
272 4009 345 4065 Uide
358 4010 492 4080 epistulae
502 4009 647 4064 Ambrosii
656 4008 818 4064 Treuersari
829 4009 886 4078 (ed.
896 4006 994 4062 liebus
1004 4003 1163 4062 Florentiae
1173 4025 1197 4063 a.
1210 4007 1295 4078 1759)

121 4098 172 4155 lib.
191 4097 304 4164 XXIV,
323 4099 357 4155 53
377 4098 456 4169 (896)
479 4115 544 4168 pag.
564 4098 642 4154 1026.
679 4096 741 4167 Quo
759 4113 832 4151 anno
849 4096 903 4151 hae
920 4093 1030 4150 litterae
1047 4095 1131 4150 datae
1148 4096 1213 4160 sint,
1236 4112 1293 4148 non

124 4189 244 4252 conant,
270 4185 319 4241 sed
346 4192 421 4242 reete
440 4185 529 4257 Voigt
546 4185 800 4256 Wiederbelebung
822 4183 877 4239 rol.
894 4181 911 4237 1
929 4200 994 4253 pag.
1013 4183 1066 4240 350
1083 4187 1141 4239 not.
1160 4184 1177 4237 2
1196 4184 1295 4236 statuit

121 4293 195 4331 anno
216 4277 285 4332 1423
304 4275 486 4345 assignandae
505 4292 550 4329 eas
568 4293 637 4333 esee.
