3052 4970
574 478 795 545 „71-

742 641 1272 664 ff

103 677 279 810 ‘Legimus
304 697 387 790 enim
409 725 443 791 in
465 724 601 790 carmine
625 673 758 807 ff
760 673 798 825 ⁰1—-
893 723 974 816 apud
998 719 1169 790 Oribellum

11 904 13 908 ·
115 908 147 952 u.
205 889 246 956 73
310 884 478 971 μελίγηρυν
496 879 614 953 ,cordio
816 902 919 948 saeros
944 883 1053 948 cantus

116 1014 145 1062 1¹·
183 996 246 1062 143
311 992 439 1076 poema)

116 1120 146 1164 u.
183 1101 248 1168 322
312 1092 500 1179 παλάμῃσιν
554 1147 556 1150 .

116 1225 147 1270 u.
183 1208 248 1274 354
309 1195 468 1286 'Epirotica

116 1332 147 1376 ιι.
182 1314 247 1380 425
312 1307 371 1392 γῆς

117 1439 147 1482 ιι.
183 1420 247 1487 465
312 1426 407 1497 γαῖαν

117 1545 147 1590 ιι.
184 1527 248 1594 614
312 1519 413 1586 iduor

118 1651 149 1698 u.
184 1631 248 1699 643
278 1651 280 1656 ·
313 1625 484 1710 παλάμαις

118 1758 149 1802 ιι.
185 1738 248 1806 665
314 1733 484 1818 σταθμοὺς

126 1842 243 1909 ibidem
314 1838 413 1923 δόμον

118 1970 150 2015 ιι.
186 1950 251 2018 732
315 1950 421 2032 χερσίν

95 2077 153 2123 -ιι,
186 2057 252 2124 754
316 2052 413 2116 κλυτὰ
438 2052 527 2140 φῦλα
627 2103 637 2116 .

121 2182 152 2230 ιι.
188 2164 252 2231 943
316 2157 348 2238 ἒς
370 2158 511 2246 πατρίδα
534 2169 629 2243 γαῖαν
682 2164 684 2169 ’

1 2357 2 2374 ἶ
121 2287 151 2336 ιι.
188 2269 252 2337 977
316 2263 416 2350 δέμας

121 2393 152 2439 u·
166 2377 252 2444 1107
317 2365 410 2458 οὖρος

817 991 934 1054 Parcae

818 1096 943 1162 dextrae

818 1203 952 1286 Erinnys

818 1308 912 1374 terris

819 1414 912 1480 terris

819 1539 972 1588 marmore

821 1629 962 1694 dextram

820 1733 977 1802 stabulum

820 1842 905 1907 tecta

787 1971 789 1976 '
820 1967 915 2014 manu

821 2054 940 2138 inclyta
961 2069 1040 2136 gens

822 2160 856 2226 in
877 2161 996 2246 patrias
1019 2160 1119 2223 terras

821 2284 949 2351 corpora

821 2371 918 2438 uenti.

198 2508 307 2590 Inepte
342 2507 448 2572 autom
482 2506 514 2570 in
548 2505 806 2589 interpretatione
833 2472 987 2570 Cribellus
1011 2504 1169 2588 Orpheum
1203 2501 1282 2566 allo·

56 2660 59 2665 ,
111 2615 261 2700 quantum
284 2613 361 2680 facit
383 2632 476 2678 uersu
501 2615 563 2682 129
587 2613 742 2695 Mopsum,
774 2611 916 2676 uersibus
945 2612 1008 2679 159
1032 2612 1065 2674 et
1094 2611 1157 2678 163
1181 2607 1281 2673 Mele-

112 2739 236 2804 agrum,
252 2739 345 2786 uersu
362 2721 423 2788 721
442 2719 570 2803 Lycum.
600 2718 689 2784 Talia
705 2721 778 2784 sunt
795 2717 891 2784 etism
906 2717 939 2782 in
954 2717 1097 2783 uersibus
1115 2718 1189 2792 139,
1208 2718 1283 2792 141,

112 2830 186 2906 147,
211 2829 286 2904 162,
310 2828 386 2904 582,
412 2825 613 2903 caesuin.
649 2825 758 2909 Neque
788 2824 889 2889 ullum
915 2825 1027 2890 barum
1057 2822 1282 2889 allocutionum

109 2933 280 3017 uestigium
303 2933 337 2996 in
360 2931 645 3016 Argonauticorum
668 2931 824 2998 codicibus
847 2931 1011 3015 reperitur.

199 3058 270 3122 Hac
292 3057 324 3121 in
340 3058 520 3141 quaestione
542 3059 619 3136 haec
634 3057 693 3122 duo
706 3074 828 3140 semper
843 3054 1008 3120 studebam
1019 3055 1124 3118 tenero
1135 3051 1281 3136 primum,

110 3183 150 3228 ne
173 3163 306 3246 exempli
329 3181 423 3246 eausa
446 3163 589 3242 afferrem
619 3181 738 3239 uersus,
774 3160 946 3242 dequibus
975 3158 1048 3225 libri
1077 3157 1280 3241 manuscript

110 3270 204 3334 nimis
219 3269 302 3334 inter
317 3288 351 3334 se
366 3269 586 3351 discreparent,
610 3268 719 3333 deinde
736 3267 906 3333 Oribellum
921 3267 954 3331 in
970 3265 1074 3332 codiee
1094 3285 1149 3330 suc
1165 3263 1280 3347 legisse

112 3375 236 3442 casdem
259 3375 438 3460 scripturae,
462 3394 541 3458 quaa
564 3375 766 3440 inueniuntur
788 3373 821 3438 in
843 3373 932 3438 libris
956 3371 1110 3438 omnibus.
1157 3369 1227 3436 Hoc
1246 3388 1282 3435 eo

111 3481 214 3565 magis
237 3481 337 3559 credo,
373 3482 445 3565 quia
469 3481 570 3546 uereio
601 3480 800 3546 aLeodrisio
824 3477 959 3545 Cribello
994 3479 1075 3544 facta
1098 3477 1130 3542 in
1151 3475 1282 3556 lacunis,

112 3607 191 3672 quae
221 3589 295 3653 sunt
317 3589 389 3672 post
404 3606 526 3675 ⁸uersus
550 3578 610 3665 93,Ι
628 3589 704 3663 224,
729 3589 803 3656 603,
829 3585 925 3662 1069,
953 3586 1049 3663 1092,
1075 3585 1172 3661 1234,
1197 3585 1283 3651 1324

113 3699 145 3762 et
159 3695 342 3778 plerumque
358 3695 391 3758 in
413 3693 573 3759 nominum
588 3693 784 3777 propriorum
796 3690 1069 3777 depracationibue
1081 3709 1152 3755 curn
1164 3689 1285 3754 cunctis

115 3800 399 3884 Argonauticorum
409 3800 567 3867 codicibus
580 3819 616 3864 cx
628 3800 794 3884 archetypo
808 3805 835 3860 9
845 3798 993 3884 deriuatio
1006 3797 1171 3875 consentit,
1184 3795 1285 3862 ueluti

157 4023 221 4069 uss.
277 3969 280 4106 1
338 4004 391 4068 ubi
413 4004 535 4069 codices
558 4003 722 4069 exhibent:
782 3966 785 4108 1
850 4002 884 4066 in
906 4001 1048 4067 uersicne
1071 3999 1204 4083 legitur:

164 4166 228 4233 139
321 4158 505 4250 Ἀκταρίὸης
830 4119 983 4228 [offundo

164 4273 227 4340 151
320 4264 492 4357 Ἰφιδάμας
582 4319 586 4325 -
830 4266 1006 4358 Iphide-mas
