3052 4970
729 400 927 465 ..8-

240 576 336 642 aliud.
382 576 429 640 De
445 575 549 640 aetate
571 572 663 638 istius
687 573 810 649 codicis,
835 590 926 656 quem
948 573 1013 638 iam
1027 573 1230 638 Ruhnkenius
1253 571 1437 658 negauit²)

240 701 309 748 esse
332 681 422 747 ualde
445 681 618 763 antiquum,
642 680 756 745 certior
779 679 882 744 factus
906 699 976 743 sum
999 698 1017 744 a
1040 679 1123 746 Ouil.
1166 679 1236 745 Nic.
1260 678 1301 744 du
1324 679 1433 753 Rieu,

237 790 305 855 uiro
329 786 369 854 ed
391 786 526 854 iuuande
549 786 680 853 eliorum
704 785 808 852 studia
830 773 1040 871 paratissimo.

329 893 364 980 3)
389 892 483 959 codex
513 891 759 958 Uindohonensis
791 892 854 960 153
879 891 946 978 (U),
978 901 1070 975 quem
1100 891 1212 957 Nessel
1238 894 1273 958 in
1295 891 1433 957 Biblio-

240 1000 350 1064 thecae
373 997 622 1065 Uindobonensis
653 995 803 1080 Oatalogo
834 997 875 1082 (P
905 998 949 1062 IV
979 1017 1052 1081 pag.
1083 996 1141 1082 89)
1171 999 1218 1063 ita
1249 997 1429 1065 describit:

240 1104 363 1184 „Codex
393 1104 622 1188 manuscriptus
645 1103 883 1188 Philosophicus
915 1106 948 1169 et
969 1103 1183 1186 Philologicus
1206 1103 1346 1169 Graecus
1373 1105 1431 1168 est

237 1211 502 1288 membranaceus,
526 1211 674 1293 antiquus
697 1210 730 1274 et
752 1211 888 1293 optimae
903 1212 1007 1286 notae,
1030 1210 1063 1274 in
1086 1211 1206 1292 quarto,
1230 1211 1428 1294 constetque

159 1383 161 1389 .
241 1317 325 1385 foliis
355 1319 488 1402 triginta
520 1321 552 1383 et
583 1316 622 1384 ad
643 1319 688 1384 Io.
718 1317 863 1384 Sambuci
894 1317 1121 1384 Bibliothecam
1151 1317 1227 1384 olim
1256 1319 1427 1402 pertinuit,

240 1443 299 1507 quo
335 1425 532 1490 continentur
566 1424 684 1508 Orphei
706 1424 846 1506 Thracis,
881 1424 972 1489 unius
1006 1444 1043 1489 ex
1073 1425 1276 1515 Argonautis,
1312 1425 1424 1509 Argo-
1514 1409 1515 1458 3

239 1531 398 1596 naution“.
444 1532 536 1622 Hunc
566 1529 682 1595 librum
713 1529 834 1596 saeculo
865 1529 925 1594 XV
956 1531 1085 1594 exeunte
1117 1529 1168 1596 uel
1190 1531 1266 1596 XVI
1288 1531 1425 1596 ineunte
1514 1593 1515 1598 ,

240 1637 392 1720 scriptum
405 1653 472 1702 esse
488 1635 595 1702 docuit
608 1655 659 1700 me
674 1656 729 1720 per
740 1637 865 1701 litteras
878 1635 1026 1701 Alfredus
1040 1635 1183 1702 Goeldlin
1198 1636 1236 1702 de
1252 1636 1422 1716 Tiefeuau,

240 1744 371 1826 scriptor
394 1742 608 1809 Bibliothecae
631 1742 734 1808 Palat.
758 1743 1012 1809 Uindohonensis.

328 1847 365 1934 4)
389 1850 484 1915 codex
507 1849 707 1914 Ascewianus
738 1847 829 1935 (A)⁸)
854 1849 971 1932 Orphei
994 1849 1208 1932 Argonautica
1231 1850 1263 1914 et
1284 1850 1421 1934 hymnos
1512 1783 1515 1936 i

239 1954 455 2039 complectens,
490 1956 543 2038 qui
577 1954 616 2020 ab
651 1955 725 2020 Ant.
757 1955 881 2034 Ashew,
916 1955 961 2022 M.
984 1954 1036 2032 D,
1066 1955 1206 2038 proximo
1240 1955 1364 2020 saeculo
1402 1973 1419 2018 e
1512 1969 1515 2072 p

241 2059 372 2125 Graecia
406 2060 440 2123 in
474 2059 623 2144 Angliam
657 2058 781 2125 delatus
812 2079 892 2124 unus
924 2079 941 2124 o
974 2059 1123 2124 trecentis
1157 2058 1312 2125 codicibus
1345 2057 1419 2136 fuit,

241 2165 352 2248 quibus
382 2164 433 2230 hic
459 2165 509 2229 uir
539 2165 648 2231 doctus
681 2165 905 2231 bibliothecam
936 2184 1025 2230 suem
1059 2165 1216 2230 instruxit.
1268 2166 1419 2230 Aetatem

241 2269 319 2335 satis
350 2289 515 2352 magnam,
538 2268 602 2335 sed
632 2289 693 2336 non
723 2271 882 2336 definitam
913 2269 1025 2335 tribuit
1055 2270 1153 2336 codici
1183 2289 1238 2336 suo
1260 2289 1419 2355 possessor

238 2376 272 2440 in
295 2375 429 2459 epistula
453 2375 492 2459 ad
514 2377 545 2442 J.
568 2375 613 2440 M.
638 2361 810 2442 Gesnerum
832 2373 973 2461 missa.⁴)

329 2481 365 2568 5)
388 2482 482 2548 codex
505 2482 668 2548 Parisinus
698 2483 780 2572 inter
809 2482 906 2547 libros
937 2502 1065 2566 graecos
1089 2482 1304 2560 Bibliothecae
1326 2483 1417 2547 Pari-

240 2587 352 2652 sieusis
388 2587 477 2655 2763
517 2587 584 2669 (Ρ),
624 2586 701 2652 olim
732 2586 937 2653 Oolbertinus'
966 2589 1054 2657 4906
1084 2588 1136 2653 uel
1167 2589 1286 2672 Regius
1318 2589 1414 2664 3202,
1514 2589 1515 2640 l

240 2694 421 2758 chartaceus
459 2693 492 2756 in
527 2694 654 2775 quarto,
697 2693 830 2776 scriptus
868 2693 991 2759 saeculo
1025 2695 1102 2772 XV,
1145 2695 1178 2758 in
1212 2714 1272 2778 quo
1308 2695 1411 2759 insunt

241 2797 356 2882 Orphei
379 2797 593 2882 Argonautica
624 2800 656 2862 et
679 2799 804 2881 hymni,
835 2797 940 2864 Procli
962 2797 1052 2882 Lycii
1081 2801 1201 2883 hymni,
1233 2800 1413 2866 Callimachi

239 2902 348 2985 hymni
371 2921 443 2968 cum
465 2901 591 2968 scholiis
614 2903 647 2967 in
672 2904 823 2986 margine,
846 2904 957 2987 hymni
980 2904 1150 2982 Homerici,
1174 2904 1297 2971 Moschi
1319 2907 1414 2971 Amor

241 3005 405 3090 fugitiuus,
429 3009 551 3073 Musaei
574 3009 660 3075 Hero
684 3010 717 3076 et
739 3011 888 3088 Leander,
912 3009 1043 3076 Hesiodi
1060 3010 1161 3095 Opera
1185 3017 1218 3076 et
1233 3012 1317 3089 Dies,
1340 3009 1412 3076 Scu-
1514 3019 1515 3024 ’

240 3114 309 3178 tum
331 3115 486 3192 Herculis,
510 3115 701 3198 Theogonis,
725 3116 883 3181 Theocriti
904 3113 1056 3202 idyllia.⁶)
1514 3189 1515 3196 ,

141 3205 149 3220 ’
330 3223 366 3305 6)
389 3222 483 3287 codex
517 3222 772 3288 Uratisleuiensis
807 3225 873 3289 siue
907 3223 1144 3308 Rehdigerenus
1179 3227 1221 3294 35
1257 3223 1328 3310 (F),
1361 3225 1409 3307 qui
1514 3218 1515 3300 l

240 3327 336 3393 habet
352 3327 468 3412 Orphei
483 3328 706 3419 Argonautica,
729 3329 874 3413 Dionysii
889 3330 1091 3396 Alexandrini
1111 3331 1297 3415 periegesin,
1317 3329 1409 3414 Apol·
1514 3331 1515 3398 l

240 3430 316 3498 lonii
339 3432 454 3498 Rhodii
476 3433 585 3511 uitam,
617 3437 836 3518 argumentum
867 3426 1160 3522 Argonenticorum,
1191 3436 1407 3520 Argonautica,
1514 3425 1515 3442 ¹

334 3639 359 3712 ²)
378 3639 413 3694 In
441 3641 560 3711 epistula
588 3643 685 3698 critica
709 3643 741 3697 Π
765 3660 837 3697 anno
863 3643 933 3699 1782
957 3663 1012 3699 una
1030 3662 1093 3699 cum
1111 3645 1214 3714 hymno
1239 3645 1270 3699 in
1287 3643 1407 3700 (iurarem

243 3727 318 3782 foras
336 3729 419 3784 missa
436 3730 581 3804 pamm.
854 3715 857 3722 Ι

332 3817 364 3888 8)·
376 3817 472 3873 Oodex
490 3818 671 3874 Ascewienus
689 3819 737 3873 ubi
755 3823 920 3883 assereretur,
940 3821 1086 3876 nescimus.

330 3906 356 3978 ⁴)
376 3905 420 3962 ef.
438 3905 627 3978 Hembergeri
645 3906 846 3978 praefationem
866 3907 902 3962 ad
915 3906 1031 3963 Gesneri
1044 3907 1167 3978 Orphica
1178 3907 1293 3979 Lipsiae
1311 3926 1335 3966 e.
1344 3909 1405 3966 1764

249 3993 333 4076 edita,
359 4011 442 4063 quam
460 3995 538 4050 dedit
557 3995 642 4051 etiarn
660 3995 693 4051 G.
712 3993 890 4050 Hermannus
908 3997 938 4050 in
951 3994 1079 4066 Orphicis
1097 4013 1121 4052 a.
1140 3996 1209 4052 1805
1228 3996 1334 4050 emissis
1350 4014 1405 4067 pag.

240 4079 432 4136 XXXI-XL
451 4081 496 4152 (cf.
516 4099 581 4154 pag.
602 4081 741 4154 XXXII).

338 4171 363 4240 ⁶)
383 4169 425 4231 cf.
444 4168 477 4225 ο.
497 4156 662 4226 sennense
680 4170 866 4226 callimache
883 4171 938 4226 uol.
957 4171 974 4225 1
990 4188 1055 4241 pag.
1073 4169 1183 4229 xxxa
