3052 4970
568 467 698 532 „21
745 504 788 512 .-

82 641 201 723 quibus
223 641 349 706 restitui
372 641 404 704 id
427 641 497 706 uult
520 641 557 706 G.
581 642 781 706 Hermannns
802 642 895 706 huius
917 641 1107 724 pronominis
1130 645 1260 708 amator.

81 785 132 794 -
156 746 241 825 Quae
264 747 405 810 sumita
427 747 501 824 sint,
524 747 727 812 manifestum
751 750 800 812 est
818 747 914 814 libros
937 748 1162 833 manuscriptos
1186 767 1261 831 quo-

80 854 267 936 tiescunque
284 848 315 916 od
327 852 500 932 exhibeant,
517 863 624 919 ueram
641 856 673 919 et
687 855 848 936 antiquam
863 855 952 919 nobis
965 855 1072 920 offerre
1084 854 1260 920 lectionem.

178 961 291 1025 Paucis
314 961 437 1025 tantum
459 961 600 1025 uersibus
630 961 665 1038 ii,
690 979 765 1044 qnos
789 960 887 1025 classe
916 967 945 1020 Ψ
965 960 1261 1044 comprehendimus,

80 1067 160 1131 libri
193 1067 223 1131 A
241 1067 267 1130 P
288 1065 313 1132 F
356 1065 415 1132 soli
456 1067 623 1149 genuinam
664 1066 780 1132 habent
828 1053 1032 1150 scripturam,
1063 1067 1099 1130 ut
1128 1087 1159 1131 u.
1197 1068 1262 1135 587

83 1171 230 1258 Κάστορι
255 1168 410 1258 (Abisag
428 1174 464 1250 L,
496 1174 529 1238 in
561 1173 673 1239 ceteris
696 1171 807 1238 lacuna
831 1171 904 1258 est),
928 1192 959 1238 u.
984 1173 1047 1240 671
1072 1176 1155 1254 μέγα
1179 1168 1261 1235 ἄστυ

82 1278 138 1358 (τὸ
163 1282 244 1361 μέγα
268 1274 351 1341 ἄστυ
367 1279 392 1342 L
407 1279 434 1343 R
448 1279 488 1358 U,
511 1277 548 1343 τὸ
572 1283 647 1362 μέγ’
672 1275 754 1342 ἄστυ
772 1279 818 1359 8.)
841 1299 871 1344 u.
889 1273 952 1347 741
978 1281 1072 1365 νέρθε
1088 1276 1119 1340 δ’
1137 1281 1262 1362 (νέρθεν
1296 1307 1299 1314 ·

82 1388 110 1449 L
124 1387 155 1450 R
168 1385 194 1450 U
206 1384 242 1471 8)
265 1405 296 1450 u.
316 1386 381 1453 742
407 1384 603 1471 θεμισκύρης
626 1382 677 1470 (δέ
698 1407 754 1466 μιν
777 1383 895 1471 σκόρης
918 1387 942 1449 L
955 1386 984 1450 R
998 1385 1023 1450 U
1048 1381 1082 1448 όέ
1105 1381 1262 1470 μισκόρης

81 1492 122 1572 8)
148 1512 178 1557 u.
200 1494 263 1561 945
288 1488 319 1554 δ’
329 1487 405 1574 ἐόώη
429 1490 557 1576 σφῇσιν,
582 1491 636 1557 sed
663 1491 746 1576 φῇσι
769 1492 797 1556 Δ
821 1491 868 1578 (τε
891 1489 978 1567 δαεὶς
1000 1512 1081 1577 φησι
1103 1492 1128 1555 L
1141 1493 1170 1556 R
1184 1492 1210 1557 U
1223 1489 1260 1571 S)

81 1619 116 1663 u·
144 1600 208 1667 964
232 1597 345 1682 κνῆκον
369 1597 497 1683 (πνίκον
519 1600 544 1663 L
556 1600 584 1663 R
597 1599 623 1664 U
635 1597 683 1683 S).

178 1705 316 1781 Accedit,
342 1706 422 1789 quod
445 1706 477 1770 in
494 1705 654 1771 codicibus
670 1703 809 1774 familiae
834 1713 861 1766 Φ
884 1708 948 1771 tres
971 1706 1119 1788 leguntur
1141 1723 1259 1782 uersus,

84 1813 141 1894 qui
164 1811 277 1877 desunt
299 1813 332 1877 in
356 1813 483 1878 ceteris:

178 1911 218 1986 51
244 1909 357 2001 ἡρώιον
379 1940 412 1981 τε
435 1917 490 1980 καὶ
512 1910 661 2002 ἡμιθέων
683 1915 812 2005 πρόμος
832 1915 1025 2004 ἐξεπέρησεν,
1136 1910 1140 1918 ’

178 2025 220 2093 96
243 2023 299 2086 καὶ
321 2024 423 2099 κλέος,
447 2019 672 2106 ἀνθρώποισιν
694 2023 751 2088 ἐπ’
775 2022 974 2105 ἐσσομένοισι
996 2026 1181 2091 πυθέσθαι.

134 2131 219 2198 1285
245 2129 324 2206 Ζεὺς
347 2122 565 2216 ὑψιβρεμέτης
587 2132 642 2194 καὶ
665 2129 797 2207 πόντιος
817 2126 1043 2213 Ἐννοσίγαιος.

84 2237 142 2319 qui
167 2255 275 2301 uersus
303 2256 362 2302 non
386 2237 537 2302 eiusmodi
560 2239 641 2314 sunt,
672 2239 708 2302 ut
730 2258 749 2303 a
771 2238 908 2303 librariis
931 2239 1084 2321 originem
1106 2237 1261 2319 accepisse

84 2343 262 2420 uideantur,
297 2343 350 2408 sed
385 2343 424 2409 ad
459 2345 648 2409 sententiam
678 2343 900 2410 absoluendam
931 2345 1064 2410 maxime
1094 2343 1261 2408 necessarii

84 2451 170 2514 sunt.
197 2487 234 2495 -
262 2451 317 2515 Est
339 2450 438 2532 igitur
460 2469 575 2534 magna
598 2470 635 2515 ae
658 2452 804 2518 continua
826 2451 909 2516 inter
931 2427 1051 2516 codices
1066 2447 1259 2517 LRUSMi
1319 2436 1322 2441 ¹
1369 2428 1372 2436 ⁴

86 2558 149 2624 et2
173 2559 264 2638 atque
288 2556 391 2621 APF
416 2555 577 2625 dissensio.

179 2661 307 2727 Codices
330 2665 494 2746 postquam
516 2665 549 2727 in
571 2682 687 2747 genera
709 2663 923 2729 distribuimus
946 2665 1039 2746 atque
1063 2662 1100 2727 de
1123 2662 1262 2745 ipsorum

85 2787 239 2850 generum
261 2767 365 2834 indole
389 2770 420 2833 et
443 2769 628 2834 auctoritate
650 2788 749 2852 panea
773 2767 958 2847 addidimus,
982 2788 1063 2833 nune
1086 2767 1124 2832 ds
1140 2765 1261 2849 origine

87 2877 120 2939 et
134 2875 319 2958 cognatione
331 2875 473 2940 codicum
492 2876 517 2939 L
530 2876 559 2939 R
571 2875 599 2940 U
612 2873 633 2940 S
645 2876 706 2943 Mi
722 2879 754 2941 et
766 2878 797 2953 2,
814 2875 954 2959 equibus
966 2874 1075 2940 classis
1091 2879 1119 2934 Φ
1129 2872 1262 2950 constat,
1381 2953 1384 2958 ,

86 2997 283 3063 exponemus.
316 2982 495 3047 Proximum
519 2982 577 3054 est,
600 2983 637 3046 ut
660 2982 716 3047 bos
732 2981 829 3047 libros
844 2981 1073 3064 manuscriptos
1088 2997 1149 3044 non
1165 2978 1262 3043 alium

88 3105 125 3151 er
150 3086 211 3152 alio
234 3087 358 3152 fluxisse
374 3087 612 3157 demonstretur.
646 3089 695 3154 Ao
709 3089 844 3172 primum
860 3088 930 3152 lues
944 3086 1060 3152 clarius
1075 3085 1125 3150 ast
1139 3083 1261 3149 codices

87 3191 113 3255 L
127 3191 230 3258 RUS
253 3212 314 3257 non
337 3192 435 3259 alium
457 3213 495 3259 ex
509 3194 570 3260 aiio
587 3194 757 3279 descriptos
774 3212 841 3259 esse
858 3192 910 3280 (de
926 3191 991 3260 111
1007 3193 1072 3260 et2
1087 3209 1169 3255 nunc
1184 3208 1261 3255 non-

89 3298 165 3364 dum
188 3297 274 3384 loqui
296 3299 461 3386 praestat).
485 3300 568 3365 Nam
590 3319 700 3366 uersus
724 3303 777 3378 51,
801 3319 893 3383 quem
914 3297 1032 3364 habent
1053 3295 1153 3361 LRS

222 3397 336 3490 ἡρώων
357 3429 391 3470 τε
413 3406 468 3469 καὶ
490 3398 639 3492 ἡμιθέων
662 3404 787 3492 πρόμος
809 3393 1002 3491 ἐξεπέρησεν,

89 3511 178 3577 deest
199 3511 233 3576 in
253 3513 297 3586 ῦς
322 3531 374 3577 eos
398 3514 513 3589 autem,
537 3531 612 3596 quos
635 3512 861 3596 praetermittit
883 3513 919 3588 L,
943 3529 1051 3576 uersus
1074 3511 1117 3577 96
1141 3511 1179 3573 et·
1195 3509 1259 3577 291

223 3617 278 3680 καὶ
300 3618 391 3694 κλέος
413 3613 638 3704 ἀνθρώποισιν
660 3615 717 3682 ἐπ’
740 3615 938 3699 ἐσσομένοισι
961 3618 1144 3679 πυθέσθαι.

223 3721 256 3786 οἵ
277 3722 318 3810 ῥα
341 3724 397 3787 καὶ
418 3719 588 3790 ἀθανάτου
612 3723 700 3811 ῥίζης
723 3728 811 3806 γένος
834 3719 1047 3803 εὖχετόασθε,

89 3828 239 3909 praebent
252 3832 281 3895 R
294 3831 320 3896 U
333 3830 372 3903 S;
396 3850 505 3896 uersus
521 3833 709 3910 aaa-887,
728 3833 959 3906 1100—1101,
979 3829 1032 3913 qui
1047 3827 1262 3894 desiderantur

89 3932 120 3996 in
145 3934 177 4011 S,
201 3935 347 4000 exhibent
369 3937 474 4002 LRU
498 3937 542 4002 sic
566 3935 645 4002 fere:
1258 3989 1262 3992 -

134 4041 199 4109 885
224 4046 337 4128 στέρνα
360 4065 393 4106 τε
415 4039 609 4124 μαιμώωσα
623 4040 717 4106 κόσεν
740 4041 849 4129 χάριέν
871 4065 906 4106 τε
928 4037 1101 4126 πρόςωπον

223 4144 356 4233 δάκρυσι
379 4144 617 4234 πλημμέρουσα
639 4145 818 4231 γενειάδας·
843 4143 918 4212 οὐδέ
939 4149 1002 4210 τιν’
1027 4142 1109 4208 aiot

223 4249 295 4333 ἐσχε
318 4251 437 4318 πόθων
458 4250 571 4338 ἐρωος,
596 4251 786 4340 ἐλαυνομένη
809 4246 914 4327 δ’όπὸ
938 4250 1082 4338 φιλτρών
