3052 4970
575 447 791 514 ..57-

70 691 75 700 ,
187 623 296 706 Neque
319 622 384 688 ulla
406 641 514 689 uersus
537 623 643 688 omissi
662 624 797 707 uestigia
819 624 851 688 in
875 623 964 688 libris
979 623 1199 706 manuscriptis
1222 624 1273 687 in·

83 729 275 808 ueniuntur,
302 747 359 794 nec
381 729 526 795 lacunam
557 730 771 813 suspicaberis,
796 731 824 796 si
852 732 938 808 haec,
970 749 1048 814 quae
1072 729 1152 808 dedi,
1176 733 1275 796 uerba.

84 837 244 901 accurate
268 835 494 918 diligenterque
510 836 697 918 perlegeris:
722 838 826 902 omnia
845 837 884 902 ad
899 835 1146 919 intellegendum
1161 839 1272 919 aperta

85 944 172 1006 sunt
194 944 226 1007 et
248 941 350 1024 plana.
392 941 452 1007 Sed
478 942 566 1022 „duri
589 941 716 1027 aliquid,
739 943 843 1026 inquit
864 943 1071 1019 Hermannus,
1094 944 1190 1008 habet
1212 944 1275 1008 hoe

85 1048 222 1132 κοῦραι,
247 1049 308 1113 nisi
324 1049 469 1115 Sirenum
485 1068 597 1114 nomen
620 1050 654 1113 in
673 1069 776 1126 uersu,
793 1051 846 1133 qui
862 1051 993 1127 interiit,
1017 1049 1113 1114 fuisse
1129 1049 1269 1116 credas.“

85 1155 167 1220 Hoc
190 1154 307 1231 dubito,
331 1175 407 1219 num
423 1155 598 1220 concedam.
637 1156 720 1221 Nam
736 1175 808 1220 eum
824 1156 1039 1239 Argonautica
1055 1175 1073 1220 a
1095 1155 1186 1220 laude
1202 1174 1269 1220 car-

85 1261 192 1325 minis
215 1261 326 1344 optimi
361 1266 392 1325 et
414 1262 533 1325 uetusti
566 1263 629 1326 sint
651 1262 873 1342 remotissima,
906 1261 1079 1326 cauendum
1102 1280 1170 1325 esse
1192 1261 1271 1324 mihi

88 1365 234 1443 uidetur,
269 1385 308 1431 ne
331 1366 523 1432 offendamur
546 1367 637 1432 rebus
660 1367 712 1431 uel
734 1367 883 1432 minimis.
929 1367 1038 1451 Neque
1061 1367 1188 1432 dubium
1211 1369 1273 1443 est,

10 1495 12 1500 ·
90 1473 175 1555 quin
197 1459 395 1537 Hermannus
425 1475 486 1541 nisi
507 1475 647 1550 haberet,
672 1493 725 1537 cur
749 1492 874 1540 uersum
892 1475 1041 1538 excidisse
1057 1476 1206 1551 censeret,
1237 1475 1271 1537 in

86 1579 153 1644 illo
176 1578 290 1662 κοῦραι
313 1587 374 1644 non
394 1580 471 1645 adeo
487 1581 658 1645 offensurus
674 1579 797 1655 fuisset,
822 1581 859 1644 ut
873 1580 1000 1644 lacunae
1024 1581 1114 1664 signa
1129 1583 1269 1664 poneret.

89 1685 189 1765 Quod
211 1687 248 1750 ut
270 1684 396 1763 faceret,
420 1686 553 1751 maxime
584 1686 732 1751 adductus
756 1688 804 1750 est
826 1687 966 1751 uersione
990 1684 1274 1776 Argonauticorum

89 1813 113 1858 a
138 1791 299 1858 Leodrisio
323 1791 458 1857 Oribello
490 1792 584 1858 facta.
631 1791 672 1856 Et
701 1793 763 1856 iam
795 1793 867 1857 ante
888 1791 1103 1857 Hermannum
1134 1792 1273 1868 fuerunt,

10 1981 11 1988 ρ
91 1899 154 1980 qui
178 1897 346 1963 Oribellum
370 1899 401 1963 in
426 1899 530 1964 codice
555 1918 608 1964 suo
631 1899 789 1964 inuenisse
812 1898 949 1962 dicerent
971 1917 1107 1974 uersum,
1135 1899 1270 1981 quinon

94 2057 279 2112 Hermannus
308 2058 415 2113 censuit
448 2058 478 2110 in
505 2054 604 2112 δισσοις
632 2057 798 2111 auctoritate
824 2055 975 2110 Perdrierii
1008 2061 1037 2110 et
1064 2056 1180 2110 Oribelli
1207 2073 1270 2126 per·

93 2151 201 2202 motus.
245 2146 435 2215 „Perdrierius
463 2147 524 2200 uult
550 2143 648 2201 ὃισοοισ
675 2151 704 2201 et
730 2148 771 2200 ita
798 2147 884 2200 uertit
901 2147 1009 2202 etiam.“
1054 2145 1109 2200 Sed
1128 2163 1166 2211 ea,
1186 2163 1268 2214 quam

92 2236 168 2290 fecit
195 2235 377 2302 Perdrierius,
405 2236 497 2289 uersio
522 2235 777 2306 Argonauticorum
806 2236 910 2288 nullam
941 2232 1040 2289 δισσοῖς
1060 2235 1197 2304 reipiendi
1220 2253 1271 2290 ne-

93 2324 260 2379 cessitatem
285 2325 373 2379 affert.
412 2324 495 2378 Ouius
518 2326 552 2378 de
572 2324 735 2378 auctoritate
761 2326 887 2378 conferas
905 2324 997 2388 uelim,
1017 2341 1086 2390 quae
1099 2323 1217 2378 Wielius
1239 2325 1268 2377 in

91 2417 181 2482 parte
200 2412 433 2468 Observationum
460 2417 559 2481 quarta
586 2429 648 2482 pag.
674 2414 688 2466 1
718 2413 816 2483 (1866)
836 2412 915 2467 dixit.
952 2412 1010 2466 Neo
1029 2413 1116 2466 multo
1134 2413 1268 2467 maiorem

91 2503 157 2556 uim
194 2502 279 2557 habet
308 2505 397 2557 altera
426 2503 533 2566 nereio,
571 2519 652 2570 quam
683 2501 814 2559 debemus
845 2501 1156 2568 Leodrisio'Oribe1103
1194 2502 1267 2570 quod

94 2591 303 2644 demonstrabo.
340 2590 417 2661 Ergo
436 2591 506 2645 illud
526 2584 635 2656 'decocta
660 2590 733 2658 quod
752 2594 830 2659 patet
853 2592 883 2644 in
901 2590 997 2644 codice
1015 2608 1064 2644 suo
1089 2591 1189 2661 legisse
1209 2591 1269 2645 Ori-

94 2680 205 2733 bellum
230 2681 290 2734 siue
313 2698 344 2734 re
369 2697 435 2734 uera
461 2680 519 2733 siue
545 2679 631 2733 oculis
651 2679 814 2744 errantibus,
840 2679 1014 2733 firmamento
1034 2679 1183 2733 admodum
1202 2680 1268 2733 exili

96 2768 207 2824 nititur.
235 2767 356 2838 [Eodem
380 2768 464 2821 modo
483 2767 620 2821 Oribellus
638 2768 708 2838 legit
732 2785 815 2822 uersu
832 2768 884 2822 431
904 2769 1027 2838 Βρομίου
1045 2769 1162 2832 Βάκχοιο
1182 2767 1267 2839 [Pug-

96 2873 197 2910 naoem
209 2856 360 2928 Bacchum]
374 2874 425 2926 pro
439 2850 566 2927 Βριμοῦς,
580 2857 707 2920 Βάκχοιο,
720 2876 746 2910 u.
760 2858 811 2912 703
827 2853 940 2930 ἐρσιὸιὸν
952 2856 1085 2923 ἠρήσαντο
1095 2874 1147 2926 pro
1156 2859 1272 2909 ἐτώσιον

95 2944 251 3012 ἠρείσαντο,
269 2963 296 3002 u.
315 2946 364 3001 751
386 2943 463 3000 πόλις
481 2962 532 3014 pro
552 2944 642 3000 πολὺς.
668 2945 699 2999 id
717 2946 791 3013 quod
810 2950 925 3014 apparet
947 2945 1121 3012 euersione).
1152 2945 1273 2999 llleuata

94 3034 265 3087 auctoritate
282 3033 440 3087 uersionum
452 3032 522 3087 nihil
535 3032 636 3098 obstat,
655 3032 801 3101 quominus
814 3033 887 3100 quod
901 3049 994 3088 omnes
1007 3032 1116 3086 codices
1129 3033 1269 3098 exhibent,

95 3120 196 3176 λισσοισ
222 3122 396 3191 recipiamus.
431 3120 529 3176 ίισσοισ
555 3123 749 3194 χηραμόνεσσιν
778 3121 912 3190 optimam
944 3121 1059 3190 praebet
1092 3123 1267 3175 sententiam.

96 3210 156 3265 Sed
174 3209 274 3276 habeo,
294 3211 369 3279 quod
392 3209 512 3264 fortasse
532 3210 617 3270 etiam
635 3209 727 3264 firmet
744 3210 815 3263 illud
833 3207 931 3265 ίιοοοιο
949 3210 1149 3281 χηραραίνεοσιν.
1187 3210 1268 3278 Quod

97 3298 194 3352 neseio
222 3315 258 3352 an
285 3298 452 3369 respondeat
479 3299 522 3352 illi
540 3303 631 3351 σπέσσι
655 3297 821 3370 γίοφοροιοι.
860 3297 1037 3353 Intercedere
1060 3303 1153 3352 autem
1172 3299 1270 3353 simili-

64 3421 66 3424 ·
96 3385 225 3440 tudinem
243 3387 382 3456 quandam
406 3387 480 3441 inter
497 3385 653 3442 Homerum
672 3391 700 3441 et
719 3404 774 3453 eos,
794 3387 842 3456 qui
861 3387 1036 3456 splendidum
1046 3387 1151 3458 Orphei
1167 3404 1268 3442 nornen

96 3475 208 3529 mentiti
222 3480 321 3541 essent,
338 3476 392 3529 iam
408 3476 481 3529 uidit
490 3475 603 3530 Tzetzes
620 3492 713 3530 errans
728 3476 757 3530 in
774 3492 813 3541 eo,
833 3476 907 3543 quod
918 3476 990 3530 dixit
998 3475 1151 3530 Homerum
1163 3475 1268 3546 Orphei

95 3563 267 3617 imitatorem
279 3581 348 3618 esse.
372 3565 413 3618 At
424 3581 491 3618 uero
504 3568 637 3632 quatenus
651 3564 770 3618 imitatio
784 3568 857 3618 esset
870 3566 1025 3630 statuenda,
1045 3569 1121 3619 recte
1134 3565 1269 3634 exposuit.

97 3651 204 3709 Statuit
230 3656 323 3707 autem
340 3653 416 3715 haee,
435 3669 507 3722 quae
525 3653 682 3707 nominibus
701 3653 775 3707 inter
793 3671 822 3707 se
840 3657 953 3708 mutatis
972 3654 1091 3723 probata
1108 3653 1177 3707 mihi
1190 3657 1267 3706 sunt:

187 3738 310 3813 Εὑρίσκω
329 3741 406 3813 [γὰρ]
426 3735 511 3793 αὐτὸν
530 3741 707 3812 (Homerum,
730 3743 778 3796 sed
797 3741 940 3811 Orpheum
958 3744 1004 3796 uel
1022 3743 1114 3812 potius
1133 3742 1268 3811 Orphioos

98 3828 276 3884 scribendum
295 3830 370 3900 erat)
388 3828 406 3882 ἃ
424 3833 475 3897 μέν
493 3849 555 3882 τινα
573 3831 632 3882 τῶν
650 3829 768 3902 Ὀρφέως·
781 3832 856 3883 ἐπῶν
875 3831 940 3883 καθ’
960 3828 1121 3901 ὁλοκληρίαν
1139 3830 1206 3902 πρὸς
1218 3831 1268 3897 τὴν

100 3913 187 3968 adnot
204 3917 433 3981 μοτοχοτειίσαντα
452 3922 569 3984 ποίησιν,
586 3920 664 3991 ἕτερα
682 3915 711 3970 δὲ
728 3917 812 3972 πάλιν
824 3919 890 3971 καθ’
903 3919 1026 3986 ἡμίσειαν
1038 3920 1271 3989 παρασπάσαντα·

97 4004 154 4055 ἔστι
171 4000 194 4054 d’
214 4001 233 4056 οἳ
250 4008 295 4055 καί
312 4006 524 4075 μεταφράοαντα
537 4003 553 4072 ἢ
566 4010 612 4056 καὶ
623 4003 797 4071 aliquoties
808 4010 1031 4077 praeceptorem
1044 4011 1159 4073 ποίησιν.
1189 4006 1273 4062 Haeo

97 4092 227 4161 leguntur
245 4092 273 4146 in
285 4092 406 4165 Exegesi
417 4091 524 4150 Iliadis.
556 4091 628 4148 Uide
641 4094 797 4149 Hermanni
809 4094 932 4164 Orphica
943 4111 1005 4166 pag.
1028 4095 1089 4149 511.
1120 4095 1163 4151 Of.
1176 4095 1270 4160 etiam,

97 4197 166 4249 quae
184 4179 361 4235 Hermannus
389 4182 491 4236 ibidem
518 4200 583 4252 pag.
611 4185 664 4238 512
687 4182 777 4237 dedit:
805 4182 852 4252 ἀφ’
883 4177 965 4252 οὗπερ
996 4181 1149 4253 (Orpheus)
1168 4181 1183 4235 ὃ
1205 4183 1271 4250 ἐμὸς

96 4269 207 4341 χρυσοῦς
228 4268 341 4343 Ὄμηρος
358 4267 446 4322 nothi
463 4269 655 4343 ἆνθσμσνργὸν
673 4270 800 4339 μέλισσαν
818 4269 893 4337 ἄνθη
911 4273 988 4323 ἐπῶν
1006 4267 1187 4343 ἀπσιίρίψατο.
