3052 4970
359 659 427 722 Iam
461 658 656 722 transeamus
686 653 725 719 ad
755 673 863 720 uersus
900 654 975 728 349,
1006 654 1083 728 448,
1115 652 1191 732 656,

405 759 493 848 δφρα
515 761 573 844 μὲν
596 752 652 825 ούν
675 759 839 845 ἐπίκουροι
863 758 992 845 Ιήσονσς
1015 755 1152 839 δ’μιιεδον
1175 753 1225 821 ἀεὶ

402 871 458 930 καί
481 867 514 952 ῥ’
539 865 647 931 ἔκανεν
669 864 813 951 κεφαλήν
835 889 869 929 τε
892 867 946 929 καὶ
968 862 1071 951 δι’μφω
1094 862 1183 950 φάεα
1206 862 1300 937 καλά,

407 973 438 1036 οἳ
461 971 495 1035 δὲ
518 973 746 1060 κυβερνητῆρος
769 971 984 1060 ἐφημοσύνῃσι
1008 976 1157 1035 πίθοντο.

271 1082 416 1164 quicum
444 1083 478 1145 in
502 1082 643 1145 uersione
666 1080 765 1145 latina
788 1081 984 1157 omittantur,
1015 1080 1047 1152 in
1067 1076 1183 1153 codice,
1215 1096 1274 1160 quo
1297 1096 1376 1142 usus
1403 1081 1457 1141 est

271 1187 433 1262 Cribellus,
447 1186 578 1251 defuisse
593 1187 747 1264 uidentur,
760 1187 821 1251 nisi
836 1185 912 1250 sorte
924 1185 1027 1249 uersio
1040 1183 1194 1248 etiamhis
1206 1182 1284 1247 locis
1295 1183 1456 1248 mutilata

271 1297 335 1369 est3
360 1293 440 1376 quod
464 1295 570 1357 tamen
594 1309 631 1356 ex
648 1293 716 1375 ipsa
739 1293 879 1358 uersione
903 1291 987 1356 edita
1002 1310 1063 1356 non
1079 1291 1184 1372 potest
1200 1288 1323 1371 colligi;
1347 1289 1455 1354 libros

271 1399 498 1482 manuscriptos
521 1417 590 1463 eam
613 1397 793 1464 exhibentes
817 1399 855 1462 ad
870 1417 981 1462 manus
1004 1398 1082 1461 mihi
1106 1415 1167 1460 non
1183 1396 1279 1460 fuisse
1294 1394 1453 1478 doleo¹¹).

361 1505 472 1570 Tribus
496 1504 778 1587 Argonauticorum
800 1504 943 1568 uersibus
967 1504 1108 1572 ooo-2.
1519 1481 1520 1506 λ

317 1612 383 1679 690
407 1608 528 1686 δοῦπος
551 1605 635 1691 δ’ύῖμ
659 1605 802 1692 πέλαγός
824 1633 858 1673 τε
881 1609 936 1672 καὶ
952 1605 1094 1694 οὐρανὸν
1116 1603 1211 1694 εύρύν
1233 1605 1339 1671 ἵκανεν

405 1715 606 1802 ῥηγνυμένοιο
628 1714 788 1792 κλύδωνος
811 1711 993 1802 ὀρινομένης
1014 1739 1048 1779 τε
1071 1713 1250 1799 θαλάσσης,

404 1821 524 1905 κύματι
546 1821 768 1908 παφλάζοντι·
791 1825 961 1908 περίβρεμε
984 1819 1012 1883 δ’
1021 1817 1162 1897 ἄσπετος
1184 1817 1281 1906 ἅλμη,

271 1930 456 2013 respondent
479 1928 537 1994 duo
560 1931 593 1994 in
616 1930 768 1994 uersionis
792 1927 979 1993 editionibus
1002 1929 1049 1993 hi:

316 2038 382 2104 690
405 2036 468 2100 Hic
491 2037 641 2119 strepitus
663 2034 727 2100 late
750 2034 871 2119 pelago,
896 2033 1038 2118 coeloque
1063 2034 1217 2118 gementis

405 2141 598 2224 Praecipites
621 2143 768 2206 resonant
789 2143 945 2225 perruptis
966 2142 1112 2206 fluctibus
1136 2140 1245 2208 undae.

362 2248 576 2327 Quaerendum
591 2249 687 2331 igitur
703 2250 760 2326 est,
775 2250 879 2312 utrum
891 2250 924 2313 in
936 2249 1040 2313 codice
1049 2247 1235 2313 Cribellisno
1248 2266 1284 2312 er
1296 2245 1359 2312 illis
1372 2264 1449 2310 uer-

273 2355 357 2419 sibus
369 2354 490 2436 graecis
503 2373 582 2418 unus
595 2353 738 2431 defuerit,
751 2373 791 2418 an
803 2352 1066 2436 latinusperierit.
1084 2353 1152 2417 Hoc
1164 2353 1280 2417 factum
1290 2353 1447 2416 eseesatis

272 2459 355 2524 clare
375 2460 511 2526 ostendit
526 2460 792 2544 interpretationis
812 2478 920 2524 uersus
941 2461 1016 2537 690,
1037 2459 1090 2543 qui
1108 2477 1206 2542 neque
1219 2478 1289 2523 cum
1301 2458 1352 2534 iis,
1365 2477 1446 2541 quae
1522 2535 1523 2538 η

271 2567 469 2650 praecedunt,
486 2585 584 2649 neque
601 2587 670 2631 cum
686 2567 737 2644 iis,
751 2585 829 2649 quae
843 2569 1022 2650 sequuntur,
1040 2567 1143 2631 uerbis
1160 2565 1307 2648 coniungi
1323 2565 1444 2648 potest;

273 2672 467 2738 desideratur
475 2676 579 2736 autem
587 2673 742 2756 imprimis
750 2692 840 2738 casus
847 2674 1012 2756 genetiuus
1021 2672 1154 2738 nominis
1163 2670 1445 2753 substantiuiquo-

271 2798 341 2842 cum
362 2778 440 2842 illud
458 2778 652 2861 „gementie“
675 2772 920 2863 (τ-ὀρινομένης
935 2778 987 2843 uel
1002 2777 1218 2864 ῥηγνυμένοιο)
1234 2773 1322 2860 iungi
1338 2778 1443 2859 queat,

274 2884 408 2964 „maris“
426 2885 477 2949 nel
493 2883 613 2958 simile3
635 2883 715 2966 quod
730 2884 764 2947 in
779 2902 871 2948 uersu
888 2883 988 2948 deleto
1004 2883 1100 2949 fuisse
1117 2886 1241 2968 putem:
1265 2883 1346 2962 „Hic
1361 2884 1444 2946 stre-

270 2991 355 3073 picus
377 2991 532 3072 gementis
554 2991 650 3055 maris
673 2993 705 3057 et
720 2989 922 3076 ῥηγνυμένοιο
938 2987 1099 3065 κλύδωνος
1115 2985 1163 3071 δμ
1178 2987 1322 3072 πέλαγός
1338 3011 1371 3051 τε
1388 2989 1445 3052 καὶ

271 3091 405 3181 οὐρανὸν
437 3091 532 3183 εὐρύν
565 3093 679 3165 ἵκανεν.
727 3097 812 3176 Quae
846 3116 920 3162 uero
943 3097 1228 3181 Argonauticorum
1255 3115 1348 3160 uersu
1376 3097 1443 3164 692

271 3203 426 3288 leguntur,
455 3201 583 3284 κύματι
607 3201 811 3289 sepeciem
840 3202 943 3289 (colon
967 3206 1040 3288 post
1063 3203 1168 3289 παφλ.
1194 3203 1350 3269 sublatum
1374 3222 1443 3269 esse

271 3309 408 3395 uidetur)
431 3312 601 3395 περίβρεμε
624 3307 651 3372 δ’
668 3305 809 3386 ἄσπετος
832 3305 919 3396 ἅλμη
943 3310 1094 3376 Cribollus
1118 3309 1216 3375 libere
1238 3311 1336 3375 uertit
1358 3311 1418 3374 sic:

270 3413 463 3497 Praecipites
490 3416 637 3479 resonant
662 3416 818 3499 perruptis
845 3416 991 3480 fluctibus
1022 3414 1156 3499 (κύματι
1184 3413 1304 3500 napi.)
1331 3414 1443 3479 undae.

360 3522 409 3585 Ita
437 3539 508 3585 oum
537 3539 587 3584 res
618 3540 686 3586 sose
718 3523 862 3600 babeant,
894 3522 979 3587 haud
1017 3521 1144 3586 difficile
1176 3523 1225 3587 est
1251 3521 1380 3604 cognitu
1409 3521 1445 3585 in

270 3627 412 3693 uersione
427 3645 553 3692 uersum
570 3626 718 3692 excidisse
733 3631 805 3711 pest
820 3648 890 3694 eum
907 3629 958 3712 qui
975 3629 1008 3694 in
1027 3627 1221 3711 ,‚gementis“
1245 3627 1317 3702 exit,
1342 3645 1443 3709 neque

271 3735 328 3809 est,
346 3732 428 3816 quod
441 3731 610 3797 Cribellum
625 3752 750 3799 uersum
766 3736 829 3804 691
847 3736 879 3800 in
896 3735 1001 3802 codice
1018 3755 1072 3800 suo
1085 3754 1147 3800 non
1158 3733 1272 3818 legisse
1283 3733 1443 3816 putemus.

360 3837 506 3921 Sequitur
529 3840 565 3903 ut
586 3839 724 3905 breuiter
749 3840 898 3906 disseram
915 3839 952 3906 de
975 3839 1117 3906 uersibus
1140 3841 1216 3917 822,
1242 3840 1317 3916 967,
1343 3839 1442 3917 1041,

271 3962 347 4026 qnos
370 3944 522 4009 Oribellus
552 3945 676 4010 uidetur
697 3947 956 4029 praetermisisse,
985 3966 1046 4012 non
1078 3944 1159 4030 quod
1190 3964 1243 4009 eos
1272 3943 1305 4008 iu
1336 3943 1444 4008 codice

271 4068 326 4114 suo
349 4068 410 4114 non
432 4050 522 4134 legit,
547 4053 601 4118 sed
625 4053 697 4137 quia
720 4053 774 4117 isti
797 4073 905 4118 uersus
928 4053 972 4118 ibi
995 4055 1131 4137 corrupti
1155 4052 1441 4133 exstabantneque‚

361 4172 400 4240 ¹¹)
417 4171 668 4242 Argonauticorum
696 4176 852 4229 uersionem
879 4191 895 4228 c
922 4173 1025 4229 Leodr.
1048 4173 1171 4229 Oribelle
1189 4173 1292 4228 iactam
1310 4171 1444 4226 exhibent

270 4259 354 4314 etiam
378 4259 467 4315 codex
484 4259 679 4317 Holcamensir
703 4263 756 4318 433
782 4263 942 4318 chartaceus
962 4264 1065 4318 saeculi
1082 4262 1140 4318 XV
1163 4261 1287 4317 excuntis
1305 4264 1335 4314 et
1352 4260 1443 4315 codex

268 4347 452 4403 Ferrariensis
472 4351 523 4406 135
541 4349 647 4407 NAb.
757 4392 762 4404 .
