3052 4970
752 415 1022 506 *28⁸5

273 591 358 667 st'te‚
383 590 436 673 qui
460 591 581 673 etipse
605 609 641 654 ex
665 591 814 656 cedicess
834 592 1036 656 messuisset.
1083 593 1124 656 st
1146 591 1224 656 illud
1246 591 1468 675 potissimum
1504 575 1505 618 1

273 698 351 774 eret,
388 697 588 780 quemobrem
622 697 669 761 ite
702 697 855 762 iudicaret
886 696 1085 774 Schubcrtus
1122 698 1203 781 qued
1237 717 1345 762 uersus
1382 699 1468 765 302

272 805 343 886 pest
377 822 501 867 uersum
536 805 601 870 304
635 822 696 868 nen
731 803 883 885 repetitur
911 804 972 868 nisi
1006 805 1039 868 in
1071 804 1278 869 codicibusR
1309 805 1341 867 et
1364 801 1468 888 S.³⁶)

275 909 363 988 Quod
390 909 614 991 grauissimum
644 928 743 990 neque
773 929 847 984 casu
878 911 1010 993 quedam
1042 911 1160 975 factum
1190 910 1324 986 uidetur,
1355 929 1466 992 prae-

274 1016 382 1079 sertim
413 1035 483 1078 cum
513 1015 561 1079 illi
592 1015 712 1080 cedices
742 1016 825 1080 inter
856 1035 889 1080 se
919 1017 1020 1099 magis
1049 1016 1220 1100 congruant
1251 1035 1344 1098 quam
1376 1035 1466 1080 cum

274 1123 386 1186 ceteris
415 1122 463 1186 sui
494 1122 619 1204 generis
651 1122 756 1186 libris:
789 1121 826 1186 de
856 1123 1036 1205 pronomine
1061 1117 1135 1186 eZS
1166 1123 1289 1186 cumR
1320 1141 1465 1204 prorsus

275 1229 439 1303 censent't,
475 1229 535 1292 nisi
570 1228 652 1311 qued
685 1248 794 1293 uersus
818 1230 894 1304 839,
930 1229 985 1292 ubi
1018 1229 1070 1292 hic
1094 1222 1125 1289 οῖ
1154 1229 1288 1304 exhibet,
1323 1228 1356 1290 in
1394 1228 1463 1292 illo

275 1331 424 1412 dcest;⁸⁶)
455 1353 547 1398 uersu
577 1336 662 1402 1206
693 1337 823 1418 uterque
851 1333 944 1399 codex
974 1329 1005 1396 οῖ
1027 1333 1079 1399 uel
1109 1338 1145 1416 γέ
1178 1334 1328 1399 emittunt
1353 1371 1403 1380 —
1434 1335 1463 1396 L

277 1439 370 1504 hebet
386 1433 426 1519 οἱ,
445 1440 470 1504 U
486 1441 515 1504 Α
531 1442 556 1503 Ρ
572 1441 596 1504 F
613 1444 650 1522 γέ
672 1479 715 1487 -
736 1443 767 1505 et
791 1440 853 1504 elia
877 1441 990 1504 summi
1013 1459 1178 1505 consensus
1202 1438 1341 1522 exempla
1363 1442 1462 1504 sunt.

364 1562 489 1627 Similes
505 1583 615 1629 causae
632 1567 716 1640 sunt,
733 1583 788 1630 cur
804 1563 925 1629 cedices
942 1564 967 1627 L
981 1564 1014 1626 M
1027 1568 1045 1630 1
1060 1565 1092 1627 et
1104 1565 1124 1630 2
1136 1582 1197 1628 nen
1209 1581 1247 1626 er
1258 1563 1325 1645 ipsc
1342 1562 1461 1627 codice

276 1676 310 1743 s),
337 1669 390 1735 sed
415 1689 431 1735 e
453 1672 534 1736 libre
558 1691 578 1754 y
602 1671 674 1736 inde
706 1671 845 1734 deriuetc
868 1690 924 1753 pre
948 1689 981 1734 se
1005 1689 1155 1753 quemque
1187 1668 1355 1752 descriptos
1379 1687 1461 1734 esse

274 1778 394 1858 putem.
442 1779 555 1843 Uersus
580 1779 643 1845 291
670 1777 753 1840 enirn
776 1777 808 1840 in
832 1775 906 1841 selis
931 1775 1086 1841 codicibus
1109 1776 1191 1870 Iret
1214 1775 1284 1842 Ms
1307 1777 1459 1857 prseter-

274 1883 426 1956 mittitur3
451 1883 531 1965 qued
555 1881 684 1947 fortuite
708 1881 857 1946 accidisse
882 1899 975 1962 aegre
999 1879 1089 1946 nobis
1111 1880 1341 1963 persuademus.
1380 1880 1458 1944 Ac-

275 1987 367 2064 cedit,
391 1988 470 2070 qued
493 1989 526 2051 hi
549 1987 621 2051 libri
644 1987 727 2050 inter
751 2005 784 2051 se
804 1985 868 2050 fere
885 1987 1111 2062 consentientes
1131 2005 1192 2051 nen
1207 2003 1305 2068 pauca
1320 1985 1457 2062 habent,

275 2111 352 2174 quae
384 2092 460 2175 ipsis
491 2093 616 2175 propria
646 2091 819 2167 uideantur,
855 2091 954 2155 ueluti
984 2110 1014 2158 11.
1047 2095 1089 2159 12
1119 2087 1282 2175 φάουςθ),
1318 2110 1347 2155 11.
1381 2092 1455 2158 195

164 2263 166 2266 ,
276 2195 385 2284 νύμφη
416 2195 546 2281 Βάκχῳ,
578 2218 609 2263 11.
634 2200 699 2265 220
730 2199 822 2260 θείου
855 2196 982 2270 κλυτοῦ,
1013 2217 1043 2260 11.
1077 2198 1142 2264 250
1172 2191 1294 2270 ἔπειτα,
1327 2217 1355 2259 u.
1381 2199 1457 2266 266

279 2304 394 2380 ceam
420 2324 497 2387 quae
522 2305 674 2370 lectiones
689 2307 722 2369 in
738 2304 812 2370 solis
828 2304 984 2370 codicibus
1000 2304 1071 2366 LM
1085 2308 1103 2370 t
1117 2303 1149 2366 et
1160 2304 1181 2369 2
1194 2305 1275 2380 sunt,
1288 2304 1321 2366 in
1334 2304 1456 2367 ceteris

275 2411 410 2494 legimus
433 2409 542 2490 χάους,
568 2406 692 2494 Βοίκχῳ
716 2408 834 2496 νύμφη,
858 2413 952 2473 θείου
976 2408 1085 2494 κλοτή,
1111 2405 1227 2490 ἔμοιγε,
1253 2407 1363 2472 πᾶσιν.

368 3782 406 3853 ³⁶)
426 3781 549 3850 Quorum
567 3782 638 3836 alter
655 3781 708 3853 (R)
726 3800 808 3837 uersu
827 3784 879 3838 302
898 3783 997 3836 hebet:

438 3873 598 3938 πεντήκοντ’
616 3872 769 3943 ἐρετμοῖσιν
787 3871 841 3924 ἀνὰ
861 3873 992 3943 κρατερήν
1011 3891 1041 3922 τε
1060 3875 1105 3922 καὶ
1123 3867 1215 3941 ὑγρήν.

277 3953 341 4030 post
368 3979 393 4017 u.
423 3961 475 4016 304
500 3961 657 4027 πιντήκοντ’
681 3963 833 4032 ἐρετμοῖσιν
858 3959 1067 4034 subverteretis
1086 3979 1116 4010 τε
1135 3963 1180 4009 καὶ
1198 3955 1291 4030 ὑγρήν.

349 4048 432 4103 Alter
450 4047 498 4119 (S)
517 4053 635 4118 utroque
654 4051 715 4103 loco
735 4051 833 4104 eedem
852 4049 981 4118 praebet:

438 4137 596 4202 πεντήκοντ’
617 4138 735 4208 ἐρέτηοιν
754 4136 807 4190 ἀνὰ
825 4139 962 4207 τραφερήν
981 4156 1010 4188 τε
1029 4141 1074 4187 καὶ
1092 4133 1184 4207 ὑγρήν.

350 4223 407 4295 186)
427 4225 531 4280 Uersus
551 4225 693 4281 rec-840
712 4225 878 4295 legebantur
895 4226 925 4277 in
944 4225 1046 4278 codicis
1066 4222 1086 4278 S
1104 4224 1170 4278 folio
1189 4223 1264 4291 quod
1282 4221 1393 4277 excidit.
1477 4303 1480 4310 .
