3052 4970
581 469 800 534 -59β

191 641 307 707 Uersus
330 660 415 720 uero,
440 661 517 726 quos
534 643 657 727 quidem
674 645 781 721 uertit,
809 642 962 708 Oribelius
989 661 1024 707 eo
1040 641 1133 706 modo
1148 641 1276 706 reddere

90 747 193 827 solet,
227 733 360 814 utordo
385 752 676 826 commasticatum
711 769 870 833 nunquam
901 748 1102 825 factumest,
1137 749 1174 812 ut
1200 747 1276 812 duos

90 873 213 919 uersus
235 855 267 919 in
293 873 389 919 unum
413 855 578 921 conflaret:
615 855 734 939 singuli
756 856 862 938 igitur
882 874 991 919 uersus
1021 854 1110 919 latini
1143 852 1276 936 singulis

91 961 223 1042 graecis
246 962 432 1044 respondere
455 962 565 1029 solent.

190 1069 266 1132 Esse
290 1070 397 1133 autem
413 1068 541 1134 Oribelli
557 1068 733 1134 uersionem
747 1069 1049 1151 praestantissimam
1068 1085 1167 1148 noque
1185 1083 1276 1149 prae·

91 1173 339 1239 termittendam
373 1175 434 1238 uiri
468 1175 552 1240 docti
583 1175 817 1240 contenderunt.
865 1173 912 1238 Ac
942 1175 1062 1257 primus
1090 1171 1275 1238 Hannardus

95 1278 276 1357 (ismarius,
312 1279 442 1346 Scholas
466 1281 657 1364 Tungrensis
681 1282 807 1359 Raetos,
832 1282 885 1365 qui
920 1280 1099 1363 „Orpheum
1123 1278 1276 1362 antiquis-

93 1385 219 1449 simum
241 1387 274 1450 et
297 1386 451 1469 optimum
472 1390 607 1470 poetam,
631 1387 856 1471 Philosophum
877 1387 1129 1468 Trismegistum‚
1154 1385 1191 1450 de
1214 1385 1275 1449 La-

92 1491 225 1574 pidibus
240 1493 309 1556 tum
325 1491 450 1557 demum
466 1492 557 1559 Latio
573 1495 641 1558 iure
657 1493 826 1559 donatum“
851 1494 1075 1575 interpretatus
1092 1497 1140 1557 est
1155 1492 1277 1575 (Leodii

96 1597 216 1683 1576),
241 1599 274 1662 in
296 1599 491 1682 praefatione
505 1599 679 1665 Cribellum
701 1600 808 1666 laudat
832 1601 864 1665 et
881 1599 982 1664 multo
1005 1599 1105 1683 pluris
1128 1601 1276 1664 aestimat

95 1717 196 1786 quam
216 1707 374 1770 Renatum
389 1706 610 1783 Perdrierium
635 1707 724 1772 cuius
745 1707 848 1772 uenaio
866 1706 965 1770 latina
981 1723 1176 1789 nequaquam
1192 1705 1276 1771 facta

94 1811 143 1874 sit
170 1812 258 1893 „pari
280 1811 430 1877 felicitate
462 1831 534 1876 eum
556 1831 602 1888 ea,
630 1832 725 1895 quarn
748 1813 785 1877 de
808 1813 867 1876 Dei
891 1813 994 1895 gratia
1017 1814 1049 1876 et
1072 1811 1220 1877 beneficio
1243 1814 1274 1876 in

98 1917 334 1999 Argonautica,
359 1918 494 1983 carmine
518 1919 643 1984 heroico
659 1918 878 2001 pulcherrimo,
900 1917 1029 1982 redditis
1044 1916 1181 2001 'quidam
1201 1917 1274 1982 Oa-

93 2022 230 2088 stellio
242 2024 432 2106 praestitit.“
446 2025 591 2089 Nominis
603 2044 663 2090 non
675 2027 761 2090 recte
773 2025 953 2090 meminisse
962 2024 1087 2089 uidetur
1095 2023 1273 2089 Gamerius:

96 2130 168 2194 sine
192 2129 283 2194 dubio
307 2130 480 2212 scripturus
505 2130 567 2195 fuit
592 2130 794 2211 „Oribsllus“.

191 2235 273 2314 Quin
288 2236 385 2300 immo
402 2239 525 2301 tantum
540 2237 678 2320 pretium
693 2236 741 2300 illi
756 2238 893 2301 uersioui
909 2237 1054 2301 attribuit
1066 2238 1273 2312 Hermannus‚

96 2343 137 2406 ut
160 2343 275 2406 ueteris
291 2343 407 2407 codicis
429 2343 530 2408 instar
546 2362 615 2407 eam
637 2343 811 2409 habendam
827 2362 894 2407 esse
918 2343 1052 2406 diceret:
1078 2341 1188 2406 fecisse
1205 2359 1274 2406 eam

97 2447 271 2513 Cribellum
293 2468 385 2513 usum
409 2450 526 2533 optimo
542 2448 623 2514 libro
645 2449 870 2532 manuscripto.
906 2447 1026 2514 Tamen
1043 2447 1274 2531 exspectatione

96 2554 224 2618 cautius
247 2557 280 2618 et
296 2555 438 2620 timidius
453 2575 531 2620 eam
546 2555 690 2620 adhibuit
713 2556 751 2620 ad
774 2557 895 2642 textum
911 2556 1017 2637 graeci
1034 2555 1182 2618 carminis
1199 2573 1274 2618 con-

97 2659 303 2726 stituendum.
358 2661 475 2726 Contra
504 2663 673 2726 maximam
704 2662 742 2726 ad
773 2661 934 2745 purganda
964 2660 1177 2744 Argonautica
1207 2661 1274 2723 uim

92 2766 131 2828 ¹ei
155 2767 306 2831 concessit
322 2766 498 2832 Guilelmus
514 2767 616 2841 Wiel;
641 2786 703 2850 qua
719 2767 756 2832 de
772 2787 804 2831 re
820 2767 975 2850 imprimis
990 2765 1161 2848 inspexeris
1176 2763 1274 2829 uelim

93 2871 374 2949 Obseruationum,
410 2892 486 2956 quas
518 2873 645 2956 scripsit
678 2875 710 2937 in
746 2873 862 2955 Orphei
895 2873 1118 2954 Argonautica,
1152 2873 1274 2954 partem

98 2978 292 3058 postremam
307 2979 328 3042 i.
346 2998 372 3042 e.
390 2981 543 3062 quartam.
583 2979 641 3044 Ubi
665 2978 702 3043 de
727 2978 856 3044 Cribelli
880 2979 1021 3042 uersione
1040 2976 1172 3059 protulit
1187 2976 1273 3058 haec,

98 3101 181 3164 quae
204 3082 307 3148 facere
330 3104 390 3149 non
413 3103 551 3167 possum,
580 3085 655 3168 quin
679 3085 718 3150 ad
745 3086 876 3149 uerbum
899 3083 1035 3147 reddam.
1085 3082 1201 3163 „Hace
1225 3082 1274 3146 in-

102 3189 183 3270 quit,
206 3190 476 3271 praestantissima
491 3191 709 3273 interpretatio
726 3210 798 3255 cum
813 3191 845 3254 in
862 3189 1051 3254 emendando
1067 3188 1122 3253 illo
1139 3188 1274 3253 carmine

98 3293 228 3378 neglegi
251 3297 376 3360 omnino
400 3315 464 3361 non
487 3296 612 3373 debeat,
637 3299 742 3362 tamen
767 3297 820 3379 qui
843 3295 944 3360 adhuc
967 3294 1181 3377 Argonautica
1207 3293 1274 3358 edi·

96 3399 223 3477 derunt,
259 3403 369 3478 rarius,
405 3421 499 3485 quam
522 3422 578 3485 par
603 3403 681 3480 erat,
716 3403 799 3466 hunc
826 3401 946 3466 fontem
970 3401 1123 3478 adierunt,
1160 3401 1192 3464 et
1222 3400 1274 3464 uix

99 3507 193 3570 unius
217 3507 385 3572 alterinsue
408 3506 470 3572 loci
492 3507 756 3573 medicamentum
776 3508 849 3572 ¹inde
871 3509 1067 3572 inuenerunt.
1114 3508 1223 3588 Itaque
1247 3507 1274 3571 si

100 3613 370 3695 operaepretium
393 3612 627 3678 futurumssse
651 3613 853 3691 confidebam,
878 3615 904 3678 si
928 3631 997 3678 eam
1021 3611 1150 3677 Oribelli
1173 3613 1274 3677 uersi·

100 3735 192 3782 onem
216 3737 288 3782 cum
310 3719 431 3801 graecis
461 3721 567 3786 uerbis
594 3721 829 3786 accuratissime
861 3737 1099 3803 comparassem,
1135 3736 1172 3783 ea
1202 3737 1273 3800 spes

98 3842 151 3888 me
174 3844 234 3889 non
257 3824 372 3890 falsum
395 3826 513 3903 habuit,
548 3828 646 3893 immo
678 3827 828 3893 bonarum
859 3827 1062 3910 scriptionum
1093 3824 1273 3908 largissima

99 3931 212 3996 messis
234 3931 305 3996 inde
328 3932 545 3997 redundauit.“

190 4035 293 4114 Quam
315 4038 469 4104 rationem
493 4041 619 4104 secutus
632 4039 767 4104 Wielius
787 4038 871 4102 haud
885 4055 993 4120 pauca,
1019 4054 1098 4118 quas
1120 4036 1154 4100 in
1171 4037 1272 4118 Argo-

100 4143 235 4208 nauticis
250 4144 352 4210 inesse
368 4144 562 4226 uidebantur,
582 4146 662 4210 uitia
678 4143 846 4222 adiuuante
867 4141 1001 4208 Cribello
1015 4140 1126 4206 'tollere
1142 4142 1272 4206 conatus

95 4249 158 4312 est.
193 4249 263 4312 Hac
285 4249 317 4312 in
341 4268 375 4313 re
397 4249 443 4313 ita
466 4253 609 4315 uersatus
637 4252 694 4328 est,
718 4251 755 4314 ut
770 4247 903 4331 singulis
925 4245 1003 4310 locis
1017 4245 1162 4311 meliores
1177 4265 1272 4328 quam
