3052 4970
535 437 754 504 -33-.

54 592 110 674 sus
145 609 322 690 corruptam
344 608 406 692 γὰρ
433 609 609 700 notiorem.
655 610 774 676 Deinde
804 630 876 678 uero
907 613 1017 678 Pnon
1047 616 1133 678 exP
1164 634 1231 681 esse

55 715 248 797 descriptum
278 714 406 796 apparot
429 733 466 778 er
496 733 589 780 uersu
617 717 715 794 1217,
746 717 800 781 ubi
823 737 842 782 a
864 717 893 782 P
916 720 1065 784 omissum
1087 717 1116 783 εἰ
1138 722 1232 786 habet

57 821 94 884 P.
118 821 236 884 Rursus
259 820 285 882 P
309 820 333 883 P
357 839 416 884 non
443 819 577 902 profecti
600 823 673 886 sunt
703 841 740 887 ex
763 824 802 889 A.
842 823 924 888 Nam
947 825 980 888 in
1004 825 1068 890 solo
1091 826 1121 890 A
1145 826 1231 892 deest

57 944 168 990 uersus
191 927 256 993 922

129 1126 131 1130 ι
170 1045 399 1134 μανδραγόρας,
430 1044 548 1112 πολιόν
569 1043 610 1127 τ’,
634 1046 689 1112 ἐπὶ
712 1047 746 1112 δὲ
769 1033 927 1136 ψαφαρόν
949 1049 1127 1133 δίκταμνον.

56 1175 92 1238 ct
114 1171 233 1236 codices
256 1173 282 1235 P
302 1171 327 1242 F
351 1168 494 1235 uersibus
520 1172 583 1240 166
600 1173 633 1235 et
656 1173 744 1241 1220
765 1169 812 1248 εἷς
834 1174 867 1237 ο1
890 1171 952 1258 γὰρ
972 1175 1128 1251 exhibent,
1152 1196 1231 1259 quae
1259 1247 1261 1251 ,

57 1278 155 1342 uerba
176 1277 210 1341 in
225 1276 254 1340 A
278 1275 501 1341 desiderantum.
541 1277 682 1361 Denique
704 1278 734 1342 A
749 1279 776 1342 P
800 1298 836 1343 ex
858 1279 883 1344 F
907 1299 969 1345 non
991 1281 1052 1345 orti
1073 1281 1230 1358 nudentur,

56 1383 203 1466 quoniam
236 1401 328 1448 uersu
358 1384 420 1450 163
446 1370 612 1465 'proprium
638 1384 738 1449 habet.
756 1386 807 1449 hio
830 1375 872 1447 αὖ
898 1382 1133 1464 νί’1’ξοχα,ιι.
1165 1389 1229 1456 965

55 1485 228 1568 ἄοχοαοαν,
245 1508 275 1556 ιι.
299 1490 365 1557 970
389 1485 555 1573 βάραθρα,
572 1508 604 1556 ιι.
631 1492 715 1558 1137
731 1483 823 1566 εἶδος,
847 1511 878 1555 ιι.
904 1492 989 1559 1139
1014 1485 1078 1554 οῖσι
1093 1490 1229 1576 καρπὸς,

51 1615 86 1660 ιι.
115 1595 205 1664 1167
240 1591 399 1675 νώνυμον,
435 1613 506 1658 cum
539 1596 623 1660 recto
656 1595 705 1660 illi
739 1586 782 1658 αὖ
816 1599 881 1660 τίεν
914 1592 1019 1676 ἔξοχα,
1055 1593 1228 1680 ἄρχουσαν,

51 1703 222 1786 βερέθρου,
246 1690 331 1776 door,
356 1695 469 1764 οἷοίτε
484 1700 619 1786 καρπὸς,
644 1699 865 1783 edoceam).
905 1702 990 1781 Quae
1007 1721 1077 1767 cum
1092 1701 1138 1767 ita
1154 1703 1229 1780 sint,

17 1862 20 1869 .
56 1809 179 1871 tantum
203 1807 301 1882 abest,
335 1808 371 1870 ut
401 1807 522 1872 codices
545 1807 575 1872 A
599 1809 625 1871 P
649 1807 785 1872 Pelium
801 1827 838 1872 ex
853 1807 915 1873 alio
932 1809 1084 1890 originem
1099 1809 1230 1873 traxisse

53 1913 233 1988 concedam,
257 1915 293 1977 ut
319 1931 374 1996 pro
397 1931 430 1977 so
454 1913 605 1996 quemque
628 1933 665 1977 ex
690 1933 751 1980 uno
775 1916 807 1979 et
833 1914 942 1980 eodem
964 1913 1042 1979 libro
1066 1935 1081 1978 z
1104 1915 1229 1979 fluxisse

52 2019 161 2084 uelim.
622 2025 623 2028 ’

146 2141 283 2208 Codexz
306 2142 406 2224 qualis
431 2125 536 2219 fuerit,
568 2142 660 2208 facila
689 2140 885 2226 intellegitur
915 2163 952 2208 ex
979 2143 1136 2208 codicibus
1157 2141 1229 2209 indo

53 2248 216 2324 deridetis,
252 2249 304 2330 qui
337 2267 461 2331 prorsus
492 2249 630 2314 interae
661 2249 888 2314 consentientes
919 2248 983 2312 fere
1014 2247 1100 2312 illius
1130 2249 1230 2313 instar

54 2357 138 2418 suni.
184 2355 225 2418 Et
248 2357 376 2438 apparet
399 2373 435 2419 ex
459 2375 581 2420 summo
604 2355 744 2420 codicum
767 2354 797 2418 A
820 2356 846 2418 Ρ
870 2335 895 2418 F
918 2372 1069 2419 consensu
1093 2354 1230 2420 codicem

55 2483 73 2524 n
103 2461 264 2544 perspicue
288 2461 435 2542 scriptum
459 2459 566 2538 fuisse,
589 2478 687 2544 neque
705 2445 892 2525 uarietatem
913 2459 1059 2525 lectionis
1080 2461 1226 2526 habuisse

54 2568 245 2633 adnotatam.
362 2575 365 2580 ’

147 2689 226 2756 Sunt
241 2693 347 2755 autem
361 2690 440 2755 uitia
456 2690 508 2755 uel
522 2691 719 2776 apertissima
735 2689 892 2756 codicibus
907 2689 937 2753 A
952 2690 980 2753 P
996 2691 1104 2754 Fcum
1119 2687 1195 2753 LM
1209 2673 1227 2756 1

53 2798 88 2861 et
101 2795 196 2866 2118
210 2796 237 2861 U
252 2798 437 2862 communia.
460 2797 533 2861 Huc
549 2779 732 2891 referendae
743 2798 815 2862 sunt
829 2787 983 2878 imprimis
997 2796 1135 2874 lacunae,
1151 2814 1231 2878 quae

54 2903 88 2966 in
113 2903 253 2968 omnibus
284 2900 372 2966 libris
394 2902 594 2968 inueniuntur
622 2903 695 2984 post
716 2920 824 2966 uersus
848 2901 902 2979 93,
929 2902 1006 2978 224,
1030 2903 1105 2979 603,
1131 2901 1230 2980 1069,

57 3010 155 3086 1092,
187 3010 285 3086 1234,
318 3009 413 3076 1324.
462 3009 558 3073 Porro
582 3008 720 3073 animum
743 3006 913 3072 attenderis
935 3006 1032 3071 uelim
1058 3006 1228 3071 aduersus

34 3115 110 3188 72,
136 3113 313 3191 105139,
338 3116 412 3191 151,
438 3115 512 3190 180,
538 3115 613 3192 190,
643 3114 719 3194 262,
744 3113 819 3193 305,
844 3113 918 3190 362,
942 3114 1019 3190 445,
1042 3111 1119 3189 462,
1150 3114 1229 3189 464,

53 3221 131 3297 468,
155 3222 231 3298 488,
256 3222 331 3298 504,
356 3221 441 3297 505,
456 3221 533 3297 506,
558 3221 632 3296 525,
657 3219 733 3295 602,
758 3219 833 3295 676,
858 3217 934 3294 723,
959 3219 1034 3294 726,
1052 3218 1127 3294 754,
1151 3219 1227 3292 813,

58 3327 162 3402 1167,
201 3327 304 3402 1256,
332 3327 450 3403 1287,
491 3327 596 3403 1366,
635 3325 688 3388 ubi
726 3311 852 3390 eaedem
883 3322 1034 3389 lectiones
1064 3341 1228 3406 peruersao

51 3431 209 3515 iidemque
244 3450 362 3497 errores
399 3432 432 3496 in
460 3432 591 3514 utraque
630 3429 750 3495 familia
787 3429 994 3512 reperiuntur.
1036 3466 1075 3477 -
1112 3427 1228 3508 Quodsi

53 3537 191 3602 conicias
223 3537 361 3602 codicem
391 3557 407 3601 z
439 3542 494 3616 (=
526 3537 555 3601 A
584 3539 612 3601 P
643 3535 683 3622 P)
714 3534 868 3618 originem
901 3535 1015 3600 habere
1050 3553 1087 3620 er
1121 3533 1228 3600 eodem

52 3643 133 3708 libro
165 3649 201 3719 Ω,
235 3663 272 3708 en
299 3661 358 3725 quo
382 3641 501 3708 codices
525 3641 554 3710 L
578 3643 643 3709 Μ1
669 3643 738 3710 ο12
760 3642 789 3705 R
813 3640 834 3706 8
857 3641 885 3706 U
907 3658 1048 3706 manasse
1070 3642 1227 3723 putamus,

53 3749 131 3814 nihil
164 3747 320 3832 obloquor,
352 3747 525 3814 dummodo·
548 3766 586 3813 ne
617 3747 729 3812 APP
760 3765 797 3812 ox
826 3744 895 3828 ipso
918 3752 947 3807 Ω
966 3745 1137 3828 descriptos
1159 3763 1227 3809 esse

51 3873 189 3920 censeas.
640 3867 644 3874 '
709 3863 712 3869 “

144 4081 185 4152 ⁴³)
203 4081 296 4147 Adde,
316 4081 390 4150 quod
405 4097 504 4150 parum
516 4079 665 4134 uerisimile
678 4081 721 4134 est
733 4077 858 4132 codicem
870 4075 897 4130 A
911 4076 940 4129 in
953 4073 1071 4130 Graecia
1083 4075 1228 4168 inuentum

52 4170 165 4224 fluxisse
184 4185 219 4224 ex
236 4167 259 4224 F
277 4167 388 4225 Patauii
406 4187 431 4228 a.
450 4167 520 4224 1488
538 4166 652 4236 scripto.
1029 4251 1045 4304 3
