3052 4970
568 440 856 506 -63--

91 631 205 697 graeca
231 613 385 696 interpres
416 613 472 678 ille
494 613 585 680 aliter
601 614 671 680 aliis
694 615 770 680 locis
793 615 890 679 latine
907 614 1032 679 reddere
1052 613 1141 692 solet,
1165 614 1270 683 uelut.

91 739 202 786 uocem
224 719 302 795 ναῦς
325 719 377 784 uel
392 719 485 803 νῆος,
510 739 604 803 quam
626 721 716 786 modo
739 721 853 785 uertit:
876 721 989 803 puppis
1012 721 1058 797 (id
1084 720 1268 803 plerumque

91 826 213 892 factum
225 845 292 892 esse
304 825 423 912 inueni)
435 826 545 892 mede:
562 828 661 904 nauis,
678 828 752 910 quin
766 828 861 892 ctiam
874 827 922 892 bis
934 828 1010 910 (uss.
1024 829 1088 896 655
1102 828 1134 891 et
1145 826 1244 910 11051
1256 847 1266 890 t

92 935 208 999 cerina.
243 934 285 996 hc
308 933 388 1016 qucd
412 933 484 1010 dixi,
508 933 541 998 id
563 953 674 1014 uerum
694 953 760 998 esse
784 934 932 1000 facillime
948 933 1122 1017 intelleges,
1148 934 1174 998 si
1194 952 1264 1015 spen

91 1040 228 1107 etaueris
251 1040 537 1122 Argonauticcrum
565 1059 674 1108 uersus
697 1042 762 1109 236
786 1042 819 1105 et
841 1042 917 1116 408,
942 1039 1039 1123 253!4
1069 1042 1103 1107 et
1135 1038 1267 1125 128112.

89 1147 226 1211 Exstant
255 1146 339 1210 euim
369 1145 479 1211 eadem
502 1145 568 1210 iere
599 1147 695 1210 uerba
717 1166 779 1211 uss.
805 1147 912 1232 25314,
944 1165 1022 1229 quae
1045 1165 1107 1212 uss.
1133 1145 1268 1232 128112..

90 1253 242 1337 Legimus
265 1256 372 1317 autem

137 1377 201 1424 uss.
233 1357 331 1442 25314
344 1352 447 1442 αὐτὰρ
470 1354 532 1438 ἐγὼ
555 1353 719 1441 φόρμιγγα
742 1356 945 1444 τιτηνάμενος
967 1357 1047 1442 μετὰ
1073 1358 1177 1444 χερσὶν

215 1469 218 1472 ’
341 1462 462 1550 μητρὸς
485 1461 564 1550 ἐμῆς
586 1462 729 1548 ἑκέραοσ’
753 1460 909 1548 εὐτερπέα
932 1463 1052 1547 κόσμον
1074 1460 1198 1550 ἀοιδῆς.

92 1571 125 1633 et
136 1588 199 1634 uss.
213 1569 332 1655 128112
343 1567 371 1633 εἰ
393 1569 437 1654 μὴ
463 1567 525 1653 ἐγὼ
548 1568 713 1656 φόρμιγγα
736 1568 940 1657 τιτηνάμενος
962 1567 1151 1655 παλάμῃσιν

343 1676 463 1763 μητρὸς
485 1675 564 1762 ἐμῆς
586 1676 728 1762 trapeam
752 1673 909 1764 εὗτερπὲα
932 1676 1052 1759 κόσμον
1074 1672 1196 1762 ἀοιδῆς.

183 1781 284 1848 Simili
306 1784 396 1849 mode
420 1785 502 1848 iuter
525 1803 558 1848 se
575 1785 770 1850 consentiunt
784 1803 893 1850 uersus
910 1787 974 1853 236
992 1787 1024 1848 et
1039 1787 1114 1860 408,
1136 1803 1268 1867 querum

92 1888 272 1954 ulterialis
296 1891 361 1956 est:

139 1989 244 2080 αὐτὰρ
267 1992 463 2060 ἒπεὶοίτοιο
487 1981 591 2060 ποτοῦ
614 1997 649 2059 θ’
667 1991 742 2072 ἅλις
765 1992 935 2076 i'rrlewss)
958 1996 1077 2078 θυμὸς,

92 2101 174 2167 alter
195 2102 260 2167 hic:

138 2201 211 2270 ἀλλ’
235 2202 288 2272 ὅτε
311 2205 348 2291 δὴ
374 2204 508 2290 δόρποιο
529 2207 634 2270 ποτοῦ
656 2202 781 2282 θ’ἅλις
800 2203 1103 2291 ἔπλετο141ι2ομὸς.

183 2315 228 2378 At
250 2332 324 2378 uero
355 2333 417 2392 ecs,
442 2315 496 2397 qui
519 2315 600 2378 inter
630 2333 663 2378 se
687 2316 871 2397 congruunt,
902 2309 1016 2378 'uersus
1039 2332 1168 2395 graecos
1196 2313 1271 2378 Cri*

90 2418 192 2484 bellus
215 2421 297 2485 binis
319 2420 382 2485 illis
405 2421 483 2486 locis
506 2421 634 2484 minime
658 2419 776 2485 eisdem
799 2419 904 2484 uerbis
926 2419 1043 2495 latinis,
1068 2418 1123 2483 sed
1138 2439 1271 2502 prorsus.

89 2525 215 2591 diuersa
238 2526 396 2609 expressit.
433 2528 490 2591 llst
513 2529 619 2591 autem
642 2527 867 2608 interpretatus
890 2545 999 2590 uersus
1022 2526 1120 2612 25314
1144 2526 1207 2591 sic:

243 2635 304 2698 Ast
327 2653 385 2716 ego
410 2653 480 2698 cum
504 2633 626 2698 cithara
648 2633 819 2698 meditatus
843 2633 980 2697 carmina
1002 2635 1109 2698 nestra

241 2739 470 2822 Mellifluasque
492 2757 564 2804 mea
586 2758 733 2804 resonans
757 2759 830 2804 cum
851 2741 953 2804 matre
978 2759 1152 2816 camoenae,

89 2847 124 2911 et
145 2865 254 2912 uersus
279 2845 412 2931 128112ε

268 2951 342 3035 Ipse
366 2971 424 3035 ege
447 2953 481 3016 ni
503 2953 642 3020 citharae
665 2952 766 3018 uersis
789 2952 822 3016 iu
845 2951 984 3016 carmina
1007 2952 1119 3029 cerdis,

269 3059 354 3137 Ques
376 3060 479 3125 mater
501 3059 617 3138 decuit,
641 3060 797 3125 misissem
819 3060 944 3141 pectore
968 3060 1087 3134 cautus,

88 3183 219 3232 uersum
242 3167 306 3234 236
330 3165 393 3230 ita:

238 3270 298 3358 Sed
320 3273 487 3355 postquam
511 3274 561 3338 sat
584 3273 694 3355 cuique
717 3270 780 3337 fuit
800 3273 956 3354 potusque
979 3271 1113 3354 cibique,

87 3396 219 3442 uersum
240 3380 325 3445 408:

120 3525 121 3530 κ
218 3483 297 3548 Cum
319 3483 383 3549 iam
405 3502 513 3549 mensa
536 3483 651 3548 hilares
674 3483 794 3548 animes
817 3480 968 3548 foecunda
992 3481 1136 3550 dedisset.

179 3589 289 3672 Itaque
313 3588 486 3656 cauendum
509 3591 566 3667 est,
601 3608 640 3655 ne
674 3590 868 3673 suspicemur
892 3587 1064 3656 Oribellum
1091 3608 1165 3654 casu
1199 3587 1267 3652 fcr-

87 3694 234 3777 tuithue
263 3692 376 3760 iisdem
410 3695 539 3760 uocibus
569 3695 602 3760 in
635 3695 780 3761 uersicne
809 3697 951 3762 utentem
980 3714 1071 3778 pares
1102 3695 1197 3758 etiam
1230 3693 1270 3762 in.

89 3799 207 3883 Orphei
229 3801 451 3883 Argonauticis
472 3800 597 3884 legisse.

180 3905 285 3989 Atque
308 3908 431 3976 tantun
454 3907 551 3986 abest,
586 3910 623 3975 ut
645 3910 776 3974 uerbum
799 3928 817 3974 e
839 3908 934 3975 uerbo
956 3907 1142 3990 expresserit
1164 3907 1269 3972 iuter·-

88 4029 162 4094 pres
185 4006 348 4097 ἔμμετρος,
372 4015 409 4077 ut
431 4015 540 4078 centra
562 4015 686 4097 saepius
708 4033 748 4079 ne
771 4015 942 4079 sententias
957 4013 1093 4096 quidem,
1118 4032 1196 4095 quae
1215 4012 1264 4076 in·

182 4167 222 4234 ²⁴)
238 4167 274 4222 In
300 4168 429 4222 omuibus
457 4170 599 4224 codicibus
627 4170 730 4240 legitur
754 4167 865 4232 hulam
893 4185 965 4237 quae
992 4170 1075 4224 lectio
1105 4168 1266 4223 defenditur
1307 4170 1313 4180 '

91 4272 109 4308 a
126 4254 230 4310 Wielic
249 4255 343 4326 (Obss.
362 4256 394 4311 P.
413 4256 463 4312 III
480 4274 545 4328 pag.
563 4259 630 4330 415).
667 4257 700 4314 G.
718 4256 897 4312 Hermannus
916 4257 1029 4327 scripsit
1045 4254 1149 4310 ἔλπετο.
