3052 4970
567 457 792 521 ..11-

72 650 93 695 e
120 630 235 714 quibus
258 632 455 714 potissimum
480 631 517 696 de
535 621 649 696 ‘eorum
670 631 789 713 origine
813 632 998 714 cognatione
1021 633 1122 716 pretio
1145 635 1268 700 eertum.

76 737 238 802 iudicium
269 737 350 803 serre
382 738 485 815 liceat,
516 740 639 821 praeter
669 757 785 821 paucas
812 757 918 803 omnes
939 739 979 803 ab
1003 740 1183 804 Hermanno
1208 741 1268 806 sub

74 845 152 925 ipso
170 845 452 926 Argonauticorum
468 846 554 909 textu
578 844 719 908 adiectae
735 843 888 910 uidentur.

142 1035 145 1042 ,
176 968 262 1046 Quae
286 987 355 1033 cum
378 969 424 1032 ita
448 969 522 1045 sint,
546 986 608 1032 non
630 968 763 1032 nimium
785 967 865 1031 mihi
888 970 1068 1050 sumpturus
1090 969 1207 1046 uideor,
1236 951 1265 1036 si

78 1057 222 1138 euariis
265 1073 449 1139 lectionibus
489 1074 529 1138 ab
559 1075 744 1139 Hermanno
779 1073 924 1139 indicatis
961 1075 1084 1140 officere
1120 1075 1265 1154 conabor,

80 1180 229 1247 codicum
269 1183 523 1246 enumeratorum
563 1181 663 1264 qualis
702 1182 744 1246 sit
782 1181 919 1246 affinitas
959 1185 1051 1263 atque
1083 1183 1260 1248 auctoritas.

80 1288 201 1352 Uerum
237 1307 312 1370 quas
356 1287 526 1369 scripturas
573 1293 666 1351 antea
704 1287 835 1352 omissas
874 1289 908 1351 ll.
942 1287 1022 1352 Abel
1064 1286 1131 1354 loco
1171 1309 1269 1372 supra.

82 1394 187 1458 citato
224 1395 357 1470 notauit,
394 1412 446 1458 eas
480 1387 513 1456 in
547 1412 612 1458 rem
646 1413 761 1470 meam,
798 1393 897 1477 quoad
934 1394 1000 1458 eiua
1034 1395 1104 1460 fieri
1138 1396 1263 1479 poterit,

82 1499 277 1563 conuertam.

176 1623 286 1686 llxstat
317 1627 480 1704 praeterea
504 1623 548 1686 ‘iu
575 1623 769 1688 Bibliotheca
791 1623 977 1687 Monasterii
1000 1579 1144 1698 Strahou
1183 1623 1263 1704 quod

84 1748 182 1811 prope
206 1729 341 1810 Pragam
366 1729 462 1793 situm
485 1731 544 1806 est,

176 1851 212 1938 8)
235 1852 329 1917 codex
360 1853 543 1918 chartaceus
573 1851 690 1918 saeculi
713 1852 772 1916 XV
795 1851 855 1938 (S),
888 1872 979 1936 quem
1007 1854 1045 1918 ad
1072 1854 1262 1918 recensenda

83 1957 299 2040 Argonautica
334 1957 479 2024 adhihere
511 1962 546 2023 G.
578 1958 758 2023 Hermanno
789 1978 850 2023 non
881 1958 981 2024 licuit.
1040 1959 1269 2041 Complectitur

83 2064 192 2127 eutem
208 2062 341 2145 Oppiani
353 2063 540 2142 Halieutica‚
555 2064 672 2147 Orphei
684 2047 906 2148 Argonautica,
920 2065 1105 2130 Callimachi
1121 2066 1263 2148 hymnos,

83 2169 208 2234 Musaei
239 2183 363 2234 carmen
395 2170 431 2234 de
454 2172 579 2236 Herone
611 2173 643 2235 et
667 2171 806 2236 Leandro
835 2173 1050 2253 compositum,
1084 2170 1167 2235 dicta
1198 2170 1261 2235 ool-

85 2274 237 2340 leotanea.
297 2277 374 2341 Post
411 2276 523 2341 folium
555 2278 783 2360 sexagesimum
819 2277 934 2342 excidit
968 2277 1093 2356 folium,
1136 2283 1168 2341 in
1204 2297 1264 2359 quo

84 2381 269 2464 legebantur
304 2384 585 2466 Argonauticorum
623 2402 731 2448 uersus
770 2386 957 2452 780-840.
1019 2385 1111 2448 Hunc
1149 2383 1264 2451 librum

88 2487 341 2554 Strahouiensem
372 2507 469 2571 nuper
496 2489 734 2572 diligentissime
766 2509 837 2553 cum
860 2489 897 2554 G.
921 2489 1096 2554 Hermanni
1127 2488 1263 2553 editione

88 2594 218 2658 contulit
252 2593 427 2659 Fridericus
462 2593 615 2659 Schnbert
656 2596 689 2659 et
727 2613 803 2676 quae
842 2595 914 2660 inde
943 2596 1108 2676 excerpsit,
1148 2595 1264 2678 publici

89 2701 163 2764 iuris
187 2699 322 2786 fecitli)

177 2826 244 2889 Iam
286 2825 458 2908 praemissa
501 2825 641 2890 codicum
675 2825 788 2890 notitia
829 2823 1091 2906 progrediendum
1135 2827 1185 2889 est
1226 2825 1268 2892 ad

17 2925 21 2931 ’
91 2931 299 3014 explicandam
337 2951 443 2997 eorum
488 2931 625 2996 indolem
663 2933 695 2997 et
733 2931 939 3007 affinitatem,
987 2932 1022 2994 ut
1057 2931 1130 3012 quid
1167 2933 1260 3014 pretii

91 3037 253 3118 unicuique
292 3037 488 3101 tribuendum
527 3039 586 3113 sit,
634 3037 780 3120 cognosci
819 3038 919 3119 queat.
976 3036 1043 3114 Qua
1081 3036 1118 3099 de
1156 3054 1190 3099 re
1231 3037 1265 3099 in

92 3143 308 3225 Argonauticis
332 3143 432 3207 tutius
457 3145 489 3218 et
509 3143 714 3208 confidentius
737 3161 830 3225 agere
852 3143 969 3218 licebit,
993 3161 1054 3206 non
1072 3142 1152 3225 quod
1167 3143 1273 3206 maior

94 3250 125 3313 in
147 3250 204 3314 hoc
227 3251 362 3313 carmine
387 3249 492 3327 fuerit,
517 3270 609 3333 quam
632 3251 665 3314 in
692 3250 847 3333 plerisque
868 3249 1011 3333 operibus
1027 3250 1148 3331 graecis
1165 3249 1265 3314 libra-

95 3355 206 3419 riorum
224 3376 307 3432 cura,
332 3355 386 3421 sed
402 3356 473 3437 qnia
489 3356 623 3439 planius,
648 3375 740 3438 quam
757 3355 846 3433 solet,
864 3355 983 3421 ostendi
998 3357 1112 3436 potest,
1138 3374 1266 3438 quomo·

96 3461 132 3525 dc
154 3463 294 3527 codicum
317 3463 454 3526 uarietas
481 3464 550 3526 orta
573 3462 626 3526 sit.
651 3499 693 3509 -
717 3461 826 3527 Primo
857 3463 965 3527 statim
994 3461 1103 3528 obtutu
1127 3462 1273 3527 animari*
1338 3460 1341 3466 '

97 3568 245 3632 uertimus
270 3569 549 3651 Argonauticorurn
580 3567 700 3632 codices
724 3587 784 3634 uno
808 3570 933 3652 excepto
965 3567 1103 3632 eiusdem
1127 3551 1191 3632 iere
1214 3586 1272 3631 ae-

97 3674 169 3738 tatis
193 3692 260 3738 esse
284 3673 441 3739 saeculum
464 3672 527 3740 XV
550 3693 610 3738 non
638 3679 826 3755 superantes.
872 3673 1000 3737 Librum
1023 3673 1062 3754 A,
1095 3673 1148 3756 qui
1180 3672 1267 3737 euius

98 3778 209 3844 saeculi
232 3780 283 3857 sit,
308 3780 396 3844 nobis
420 3799 481 3845 non
505 3781 637 3857 constat,
662 3779 738 3845 satis
762 3780 924 3864 antiquum
947 3798 1015 3844 esse
1039 3777 1178 3843 affirmat
1193 3778 1267 3841 Ant.

99 3925 306 3934 ...-—=———-

184 3990 223 4060 18)
243 3989 498 4059 Sitznngsberichte
517 3991 567 4044 der
584 3989 732 4059 hist-phil.
746 3989 844 4044 Classe
862 3989 913 4042 der
925 3987 1036 4041 kaiserl.
1049 3985 1205 4040 Ahademie
1219 3984 1275 4038 der·

100 4078 337 4133 wissenschaften
365 4096 398 4131 zu
426 4077 510 4132 Wien
539 4078 607 4134 1881
637 4077 705 4148 (nol.
735 4075 865 4131 XCVIII
887 4079 954 4132 torn.
965 4075 990 4131 2.
1014 4092 1077 4144 pag.
1102 4073 1268 4142 ase-485).

102 4165 173 4234 Quae
192 4167 388 4221 commentatio
407 4167 473 4221 inde
492 4183 616 4220 seorsum
634 4182 766 4235 expressa
785 4169 829 4220 est
848 4165 922 4234 apud
940 4163 1035 4218 Caroli
1053 4161 1159 4216 Gerold
1171 4160 1274 4224 filium*

101 4255 278 4309 Uindobonae
301 4255 378 4310 1881.
