3052 4970
580 429 802 497 ...73-

96 609 275 694 gnoscitur.
321 609 489 673 Praeterea
518 626 593 672 uero
617 606 690 690 quid
713 606 842 670 haberet
865 602 960 668 codex
983 603 1048 680 ille,
1078 603 1131 666 uix
1153 621 1278 668 cornere

96 717 292 798 poteramus,
321 715 382 779 nisi
406 714 607 779 subuenirent
636 712 711 777 libri
733 711 945 795 manuscripti.
994 710 1054 790 Qui
1076 711 1130 774 ubi
1152 703 1278 793 prorsus
1305 739 1307 742 ·

31 888 34 893 ,
95 822 184 885 inter
209 840 243 912 se
267 820 453 904 discrepant,
478 821 601 884 euenire
622 818 701 884 solet
724 821 768 896 ui,
794 817 864 901 quid
892 816 1006 901 legerit
1022 815 1184 894 Cribellus,
1207 835 1278 899 per-

1 1006 2 1020 *
96 927 284 1009 spiciamus.
330 927 366 991 Id
389 945 462 992 uero
485 926 654 1009 liquidocr
670 925 928 1007 inlcrprciationo
943 923 1166 1006 intellegimus,
1190 923 1278 987 cuius

1 1023 2 1050 ¹
96 1031 219 1096 codicis
243 1031 282 1096 ad
305 1035 493 1116 scripturam
523 1031 589 1097 illis
612 1031 688 1096 locis
711 1031 852 1114 proxime
874 1030 1000 1095 accedat
1031 1029 1185 1111 scriptura
1206 1029 1277 1094 Cri-

95 1136 182 1202 bello
209 1139 282 1201 11111
305 1137 409 1203 oculos
432 1139 544 1221 posita.
582 1137 698 1218 Quodsi
721 1135 802 1212 illas,
826 1153 905 1219 quae
928 1135 1053 1218 quidem
1077 1155 1112 1200 ex
1135 1136 1277 1200 uersione

95 1243 307 1318 coniciuntur,
321 1239 482 1307 'lectiones
506 1243 680 1326 collegeris,
713 1243 858 1308 collecias
882 1243 1108 1327 compatereris
1133 1262 1202 1306 cum
1226 1242 1278 1319 iis,

96 1367 178 1432 quae
205 1345 404 1430 reperiuntur
428 1349 460 1413 in
485 1348 654 1426 codicibus,
679 1348 771 1413 focile
794 1349 914 1414 uidebis
936 1348 1118 1433 plerumque
1137 1367 1189 1412 eas
1206 1367 1278 1413 con-

95 1455 220 1519 senliro
244 1474 316 1519 cum
340 1456 504 1539 scripturis
527 1454 684 1519 inferioris
708 1455 847 1520 codicum
872 1454 1020 1520 familiae.
1154 1461 1156 1465 ’

207 1645 295 1699 Codd
311 1645 434 1698 melioris

186 1717 283 1770 classis
297 1715 323 1769 L
333 1715 364 1770 M
374 1717 388 1770 1
400 1720 428 1770 11
416 1716 454 1770 12

155 1752 158 1874 1
197 1785 441 1842 asnemsoenc:

19 1965 43 2000 u.
82 1947 136 2001 157
183 1946 308 2006 Λιπάὲθυ

19 2069 42 2102 u.
81 2051 135 2106 587
181 2049 303 2116 Ἀθήνης
324 2049 357 2114 L,
377 2051 406 2103 in

180 2137 269 2194 RSU
279 2137 378 2192 lacuna
386 2144 438 2194 est.

1 2217 41 2295 ¹u.
80 2245 133 2299 641
181 2244 337 2316 Ὀργάνθον

20 2365 41 2398 u.
80 2349 133 2403 742
183 2349 212 2402 δέ
230 2371 279 2418 μιν
297 2352 391 2423 σκύρη1

20 2471 42 2508 ιι.
80 2455 151 2534 742,
182 2454 319 2523 domitios

20 2576 43 2609 ιι.
81 2560 135 2614 744
186 2564 327 2634 Τιβαρηνά

22 2770 42 2804 u.
81 2755 134 2809 756
183 2755 326 2811 Χινδαίων

19 2875 43 2910 ιι.
79 2859 135 2915 918
182 2859 283 2928 εὐώδης

22 2980 44 3015 u.
81 2965 135 3020 920
181 2967 313 3036 uoulape'r

21 3086 45 3119 u,
81 3071 135 3126 990
180 3071 305 3140 θεοειδής

20 3190 42 3224 u.
81 3177 134 3232 925
182 3177 323 3232 κάλπασαν

21 3296 43 3330 u·
81 3281 135 3337 964
182 3289 282 3336 πνίκον

21 3402 44 3438 u.
64 3387 134 3443 1048
180 3390 317 3458 βοννόμαι

20 3506 44 3541 u.
65 3493 134 3548 1064
181 3495 361 3568 Βαθυάργων

1 3605 43 3666 lu·
65 3597 134 3654 1066
178 3599 344 3674 Ἀριμάοπαε

20 3715 45 3749 u.
66 3701 134 3760 1309
178 3688 302 3777 Ἐριιων

532 1647 619 1701 (lodd.
639 1649 741 1717 pejoris

495 1716 631 1772 familiae
654 1718 748 1773 APF

557 1789 704 1858 praebent·
781 1755 785 1874 1

1091 1618 1224 1703 U'idet
1213 1653 1259 1702 tur
1277 1651 1286 1703 i
1288 1651 1364 1719 gitur

1136 1720 1224 1774 codex
1249 1720 1367 1776 Oribelli

896 1756 957 1825 giut
939 1771 984 1808 um
1180 1791 1320 1847 habuisse:

1116 1953 1233 2016 Διπέζου

1115 2059 1238 2132 Κάστορι

783 1614 800 1754 1
819 1683 854 1738 In
872 1684 1000 1738 ucroionc
1018 1685 1056 1739 le·

496 1950 612 2012 Λιπέζου

495 2055 617 2128 Κάστορι

804 1949 928 2018 Lipezon

806 2055 906 2110 (111101
1001 2050 1005 2058 ’

492 2247 650 2322 ’Δργάνθου

804 2253 925 2321 Argenti
1112 2251 1267 2323 Ἀργάνθου
1374 2301 1377 2306 .

495 2355 656 2426 Θεμισκύρης
804 2357 995 2428 Themiscyrae
1115 2360 1276 2428 Θεμισκύρηε

1112 2465 1265 2533 βοιαντίὸος

494 2458 649 2528 flammulas
802 2464 982 2520 Bocantidos-

493 2567 649 2639 οινβαρήνα
669 2568 724 2637 (ed.
803 2569 957 2639 Stybarena

528 2657 615 2724 primo.
626 2679 662 2704 ·-·=
673 2655 762 2728 APF)

493 2758 636 2814 Χιδναίων

491 2864 590 2934 εὐειδὴς

1113 2575 1268 2644 οτυβαρῆνα

777 2745 781 2884 1
802 2765 960 2820 011111111θο1
1113 2764 1216 2820 Χιὸναί
1217 2789 1258 2821 ων

778 2873 945 3007 'pulchrior
962 2873 1006 2928 ιιι
1088 2871 1211 3004 peceare

493 2973 619 3041 κυκλαμίς
800 2978 937 3046 Cyclamis
1112 2979 1240 3046 uvaiapis

492 3076 609 3145 θεουδής
802 3083 887 3137 deuo
875 3088 905 3137 1
923 3085 978 3139 aris

1112 3086 1227 3155 θεουδής

493 3187 616 3238 κάπασον
1111 3193 1234 3247 κάπασον

802 3189 929 3258 Capason

493 3291 595 3356 κνῆκον
803 3295 924 3350 Cneeum

1111 3301 1211 3368 κνῆκον
1267 3347 1269 3352 .

1111 3409 1270 3473 Βουονόμιιι

1110 3515 1297 3580 Βαθυχαίτων

1109 3619 1277 3692 ’Δριμάοθας

1108 3724 1243 3799 Ἐῤῥαύων
1274 3753 1277 3759 ·

492 3397 650 3463 Βονονόμαι
801 3401 960 3456 Buonomae
1002 3453 1005 3463 ,

491 3501 679 3566 Βαθυχαίτων
802 3507 936 3563 immenso
955 3510 1030 3566 crine

492 3604 658 3677 ’Appuiodas
802 3613 977 3670 Arimesthas

491 3711 625 3785 Ἐῤῥαύων
801 3718 928 3790 Erruyon

186 3886 293 3970 Atque
324 3889 364 3954 iis
386 3890 473 3968 locis,
505 3893 558 3956 ubi
581 3894 702 3961 codices
733 3898 871 3965 melioris
894 3901 1032 3968 familiae
1062 3904 1212 3970 11111111
1235 3925 1269 3972 sc

99 3985 293 4075 discrepant,
330 3996 366 4058 11
398 4015 471 4079 pars
506 4017 611 4063 eorum
644 4001 810 4067 lectionem
843 4007 1000 4089 propriam
1034 4009 1158 4091 hebeat,
1197 4031 1269 4094 pars

98 4109 168 4157 cum
199 4095 286 4161 libris
317 4099 347 4162 A
377 4102 404 4163 P
432 4102 456 4164 F
488 4102 594 4179 faciat,
627 4106 721 4171 codex
753 4107 959 4175 Cribcllianus
991 4133 1061 4178 cum
1091 4115 1150 4181 hec
1179 4120 1268 4198 parte

99 4203 270 4266 consentire
294 4203 387 4269 solet:
