<?xml version="1.0" encoding="UTF-8"?>
<!DOCTYPE html PUBLIC "-//W3C//DTD XHTML 1.0 Transitional//EN"
    "http://www.w3.org/TR/xhtml1/DTD/xhtml1-transitional.dtd">
<html xmlns="http://www.w3.org/1999/xhtml" xml:lang="en" lang="en">
 <head>
  <title>
</title>
<meta http-equiv="Content-Type" content="text/html;charset=utf-8" />
  <meta name='ocr-system' content='tesseract 3.04.00' />
  <meta name='ocr-capabilities' content='ocr_page ocr_carea ocr_par ocr_line ocrx_word'/>
</head>
<body>
  <div class='ocr_page' id='page_1' title='image "./deartecriticain00hillgoog_0012.png"; bbox 0 0 3052 4970; ppageno 0'>
   <div class='ocr_carea' id='block_1_1' title="bbox 365 1211 1130 1480">
    <p class='ocr_par' dir='ltr' id='par_1_1' title="bbox 365 1211 1130 1480">
     <span class='ocr_line' id='line_1_1' title="bbox 558 1211 1130 1320; baseline -0.012 -8"><span class='ocrx_word' id='word_1_1' title='bbox 558 1211 787 1312; x_wconf 82' lang='lat' dir='ltr'><strong>OAPUT</strong></span> <span class='ocrx_word' id='word_1_2' title='bbox 819 1213 858 1309; x_wconf 91' lang='lat' dir='ltr'><strong>l.</strong></span> <span class='ocrx_word' id='word_1_3' title='bbox 1128 1316 1130 1320; x_wconf 59' lang='grc'>,</span> 
     </span>
     <span class='ocr_line' id='line_1_2' title="bbox 365 1403 1049 1480; baseline -0.003 0"><span class='ocrx_word' id='word_1_4' title='bbox 365 1408 434 1480; x_wconf 84' lang='lat' dir='ltr'><strong>nn</strong></span> <span class='ocrx_word' id='word_1_5' title='bbox 462 1405 629 1480; x_wconf 77' lang='lat' dir='ltr'><strong>uranus</strong></span> <span class='ocrx_word' id='word_1_6' title='bbox 656 1403 1049 1480; x_wconf 75' lang='lat' dir='ltr'><strong>menuscnrrrrs.</strong></span> 
     </span>
    </p>
   </div>
   <div class='ocr_carea' id='block_1_2' title="bbox 119 1617 1297 2654">
    <p class='ocr_par' dir='ltr' id='par_1_2' title="bbox 119 1617 1295 2335">
     <span class='ocr_line' id='line_1_3' title="bbox 212 1617 1291 1701; baseline 0 -19"><span class='ocrx_word' id='word_1_7' title='bbox 212 1619 272 1698; x_wconf 80' lang='lat' dir='ltr'><strong>Qui</strong></span> <span class='ocrx_word' id='word_1_8' title='bbox 294 1618 394 1682; x_wconf 91' lang='lat' dir='ltr'><strong>adhuc</strong></span> <span class='ocrx_word' id='word_1_9' title='bbox 418 1617 615 1682; x_wconf 81' lang='lat' dir='ltr'><strong>emendandis</strong></span> <span class='ocrx_word' id='word_1_10' title='bbox 631 1617 854 1700; x_wconf 89' lang='lat' dir='ltr'><strong>Argonauticis</strong></span> <span class='ocrx_word' id='word_1_11' title='bbox 870 1636 947 1700; x_wconf 89' lang='lat' dir='ltr'><strong>quae</strong></span> <span class='ocrx_word' id='word_1_12' title='bbox 963 1618 1074 1700; x_wconf 79' lang='lat' dir='ltr'>Orphei</span> <span class='ocrx_word' id='word_1_13' title='bbox 1089 1636 1201 1686; x_wconf 87' lang='lat' dir='ltr'><strong>nomen</strong></span> <span class='ocrx_word' id='word_1_14' title='bbox 1217 1638 1291 1701; x_wconf 88' lang='lat' dir='ltr'><strong>prae</strong></span> 
     </span>
     <span class='ocr_line' id='line_1_4' title="bbox 119 1723 1293 1807; baseline 0.001 -19"><span class='ocrx_word' id='word_1_15' title='bbox 119 1744 154 1789; x_wconf 88' lang='lat' dir='ltr'><strong>se</strong></span> <span class='ocrx_word' id='word_1_16' title='bbox 186 1725 299 1801; x_wconf 88' lang='lat' dir='ltr'><strong>lerunt,</strong></span> <span class='ocrx_word' id='word_1_17' title='bbox 332 1743 456 1807; x_wconf 82' lang='lat' dir='ltr'><strong>operam</strong></span> <span class='ocrx_word' id='word_1_18' title='bbox 487 1725 691 1799; x_wconf 89' lang='lat' dir='ltr'><strong>nauauerunt,</strong></span> <span class='ocrx_word' id='word_1_19' title='bbox 723 1723 761 1786; x_wconf 92' lang='lat' dir='ltr'><strong>de</strong></span> <span class='ocrx_word' id='word_1_20' title='bbox 785 1725 889 1788; x_wconf 89' lang='lat' dir='ltr'><strong>aetate</strong></span> <span class='ocrx_word' id='word_1_21' title='bbox 915 1723 1120 1806; x_wconf 91' lang='lat' dir='ltr'><strong>plurimorum</strong></span> <span class='ocrx_word' id='word_1_22' title='bbox 1151 1724 1293 1789; x_wconf 87' lang='lat' dir='ltr'><strong>codicum</strong></span> 
     </span>
     <span class='ocr_line' id='line_1_5' title="bbox 123 1829 1294 1914; baseline 0.001 -20"><span class='ocrx_word' id='word_1_23' title='bbox 123 1830 155 1894; x_wconf 93' lang='lat' dir='ltr'><strong>id</strong></span> <span class='ocrx_word' id='word_1_24' title='bbox 192 1849 269 1914; x_wconf 92' lang='lat' dir='ltr'><strong>opus</strong></span> <span class='ocrx_word' id='word_1_25' title='bbox 308 1830 520 1906; x_wconf 78' lang='lat' dir='ltr'><strong>exhibentium</strong></span> <span class='ocrx_word' id='word_1_26' title='bbox 558 1850 667 1914; x_wconf 89' lang='lat' dir='ltr'><strong>parum</strong></span> <span class='ocrx_word' id='word_1_27' title='bbox 711 1829 850 1894; x_wconf 78' lang='lat' dir='ltr'><strong>sciebant</strong></span> <span class='ocrx_word' id='word_1_28' title='bbox 895 1849 993 1912; x_wconf 90' lang='lat' dir='ltr'><strong>neque</strong></span> <span class='ocrx_word' id='word_1_29' title='bbox 1035 1831 1117 1894; x_wconf 88' lang='lat' dir='ltr'><strong>inter</strong></span> <span class='ocrx_word' id='word_1_30' title='bbox 1155 1830 1294 1912; x_wconf 88' lang='lat' dir='ltr'><strong>singulos</strong></span> 
     </span>
     <span class='ocr_line' id='line_1_6' title="bbox 120 1936 1293 2019; baseline 0 -18"><span class='ocrx_word' id='word_1_31' title='bbox 120 1936 240 2001; x_wconf 89' lang='lat' dir='ltr'><strong>codices</strong></span> <span class='ocrx_word' id='word_1_32' title='bbox 276 1955 353 2019; x_wconf 90' lang='lat' dir='ltr'><strong>quae</strong></span> <span class='ocrx_word' id='word_1_33' title='bbox 389 1938 470 2001; x_wconf 91' lang='lat' dir='ltr'><strong>essct</strong></span> <span class='ocrx_word' id='word_1_34' title='bbox 504 1937 595 2013; x_wconf 89' lang='lat' dir='ltr'><strong>ratio,</strong></span> <span class='ocrx_word' id='word_1_35' title='bbox 635 1936 712 2000; x_wconf 88' lang='lat' dir='ltr'><strong>setis</strong></span> <span class='ocrx_word' id='word_1_36' title='bbox 743 1938 887 2001; x_wconf 89' lang='lat' dir='ltr'><strong>accurate</strong></span> <span class='ocrx_word' id='word_1_37' title='bbox 919 1937 1107 2019; x_wconf 86' lang='lat' dir='ltr'><strong>quaesiuisse</strong></span> <span class='ocrx_word' id='word_1_38' title='bbox 1139 1936 1293 2002; x_wconf 89' lang='lat' dir='ltr'><strong>uidentur.</strong></span> 
     </span>
     <span class='ocr_line' id='line_1_7' title="bbox 119 2041 1295 2128; baseline 0.001 -23"><span class='ocrx_word' id='word_1_39' title='bbox 119 2041 180 2106; x_wconf 88' lang='lat' dir='ltr'><strong>His</strong></span> <span class='ocrx_word' id='word_1_40' title='bbox 203 2041 240 2105; x_wconf 91' lang='lat' dir='ltr'><strong>dc</strong></span> <span class='ocrx_word' id='word_1_41' title='bbox 263 2042 354 2105; x_wconf 91' lang='lat' dir='ltr'><strong>rebus</strong></span> <span class='ocrx_word' id='word_1_42' title='bbox 376 2042 450 2106; x_wconf 90' lang='lat' dir='ltr'><strong>noui</strong></span> <span class='ocrx_word' id='word_1_43' title='bbox 472 2041 553 2123; x_wconf 92' lang='lat' dir='ltr'><strong>quod</strong></span> <span class='ocrx_word' id='word_1_44' title='bbox 575 2041 730 2125; x_wconf 86' lang='lat' dir='ltr'><strong>proferam</strong></span> <span class='ocrx_word' id='word_1_45' title='bbox 745 2041 861 2125; x_wconf 92' lang='lat' dir='ltr'><strong>aliquid</strong></span> <span class='ocrx_word' id='word_1_46' title='bbox 883 2043 993 2108; x_wconf 89' lang='lat' dir='ltr'><strong>habeo.</strong></span> <span class='ocrx_word' id='word_1_47' title='bbox 1021 2080 1065 2088; x_wconf 95' lang='lat'>-</span> <span class='ocrx_word' id='word_1_48' title='bbox 1096 2044 1137 2106; x_wconf 84' lang='lat' dir='ltr'><strong>ldt</strong></span> <span class='ocrx_word' id='word_1_49' title='bbox 1158 2043 1295 2128; x_wconf 91' lang='lat' dir='ltr'><strong>primum</strong></span> 
     </span>
     <span class='ocr_line' id='line_1_8' title="bbox 120 2146 1294 2230; baseline 0.001 -19"><span class='ocrx_word' id='word_1_50' title='bbox 120 2148 243 2230; x_wconf 92' lang='lat' dir='ltr'><strong>quidem</strong></span> <span class='ocrx_word' id='word_1_51' title='bbox 267 2148 451 2212; x_wconf 84' lang='lat' dir='ltr'><strong>enumerabo</strong></span> <span class='ocrx_word' id='word_1_52' title='bbox 483 2165 534 2212; x_wconf 90' lang='lat' dir='ltr'><strong>eos</strong></span> <span class='ocrx_word' id='word_1_53' title='bbox 558 2146 729 2230; x_wconf 90' lang='lat' dir='ltr'><strong>dequibus</strong></span> <span class='ocrx_word' id='word_1_54' title='bbox 754 2148 965 2212; x_wconf 91' lang='lat' dir='ltr'><strong>disserendum</strong></span> <span class='ocrx_word' id='word_1_55' title='bbox 988 2148 1066 2212; x_wconf 91' lang='lat' dir='ltr'><strong>mihi</strong></span> <span class='ocrx_word' id='word_1_56' title='bbox 1090 2149 1160 2224; x_wconf 93' lang='lat' dir='ltr'><strong>erit,</strong></span> <span class='ocrx_word' id='word_1_57' title='bbox 1190 2151 1294 2230; x_wconf 88' lang='lat' dir='ltr'><strong>Argo-</strong></span> 
     </span>
     <span class='ocr_line' id='line_1_9' title="bbox 119 2253 1017 2335; baseline 0.002 -18"><span class='ocrx_word' id='word_1_58' title='bbox 119 2253 312 2318; x_wconf 89' lang='lat' dir='ltr'><strong>nauticorum</strong></span> <span class='ocrx_word' id='word_1_59' title='bbox 334 2253 429 2317; x_wconf 90' lang='lat' dir='ltr'><strong>libros</strong></span> <span class='ocrx_word' id='word_1_60' title='bbox 454 2253 690 2335; x_wconf 74' lang='lat' dir='ltr'><strong>manuscriptos,</strong></span> <span class='ocrx_word' id='word_1_61' title='bbox 737 2253 817 2318; x_wconf 89' lang='lat' dir='ltr'><strong>Sunt</strong></span> <span class='ocrx_word' id='word_1_62' title='bbox 839 2255 945 2317; x_wconf 89' lang='lat' dir='ltr'><strong>autem</strong></span> <span class='ocrx_word' id='word_1_63' title='bbox 967 2253 1017 2319; x_wconf 89' lang='lat' dir='ltr'><strong>hi:</strong></span> 
     </span>
    </p>

    <p class='ocr_par' dir='ltr' id='par_1_3' title="bbox 121 2357 1297 2654">
     <span class='ocr_line' id='line_1_10' title="bbox 211 2357 1295 2443; baseline -0.002 -18"><span class='ocrx_word' id='word_1_64' title='bbox 211 2357 245 2443; x_wconf 86' lang='grc'><strong>1)</strong></span> <span class='ocrx_word' id='word_1_65' title='bbox 270 2359 364 2423; x_wconf 83' lang='lat' dir='ltr'><strong>codex</strong></span> <span class='ocrx_word' id='word_1_66' title='bbox 394 2358 610 2440; x_wconf 82' lang='lat' dir='ltr'><strong>Lugdunensis</strong></span> <span class='ocrx_word' id='word_1_67' title='bbox 646 2359 712 2422; x_wconf 88' lang='lat' dir='ltr'><strong>siue</strong></span> <span class='ocrx_word' id='word_1_68' title='bbox 746 2359 915 2423; x_wconf 86' lang='lat' dir='ltr'><strong>Uossianns</strong></span> <span class='ocrx_word' id='word_1_69' title='bbox 950 2360 992 2426; x_wconf 82' lang='lat'><strong>59</strong></span> <span class='ocrx_word' id='word_1_70' title='bbox 1029 2358 1084 2443; x_wconf 88' lang='lat' dir='ltr'><strong>(L)</strong></span> <span class='ocrx_word' id='word_1_71' title='bbox 1116 2360 1148 2422; x_wconf 89' lang='lat' dir='ltr'><strong>in</strong></span> <span class='ocrx_word' id='word_1_72' title='bbox 1186 2361 1295 2442; x_wconf 88' lang='lat' dir='ltr'><strong>quarto</strong></span> 
     </span>
     <span class='ocr_line' id='line_1_11' title="bbox 121 2463 1296 2548; baseline 0 -20"><span class='ocrx_word' id='word_1_73' title='bbox 121 2464 312 2540; x_wconf 76' lang='lat' dir='ltr'><strong>chartaceus,</strong></span> <span class='ocrx_word' id='word_1_74' title='bbox 336 2465 368 2527; x_wconf 93' lang='lat' dir='ltr'><strong>in</strong></span> <span class='ocrx_word' id='word_1_75' title='bbox 388 2483 447 2545; x_wconf 93' lang='lat' dir='ltr'><strong>quo</strong></span> <span class='ocrx_word' id='word_1_76' title='bbox 463 2463 610 2545; x_wconf 89' lang='lat' dir='ltr'><strong>leguntur</strong></span> <span class='ocrx_word' id='word_1_77' title='bbox 626 2463 741 2547; x_wconf 86' lang='lat' dir='ltr'><strong>Orphei</strong></span> <span class='ocrx_word' id='word_1_78' title='bbox 757 2463 970 2546; x_wconf 85' lang='lat' dir='ltr'><strong>Argonautica</strong></span> <span class='ocrx_word' id='word_1_79' title='bbox 987 2465 1018 2528; x_wconf 90' lang='lat' dir='ltr'><strong>et</strong></span> <span class='ocrx_word' id='word_1_80' title='bbox 1034 2465 1152 2547; x_wconf 83' lang='lat' dir='ltr'><strong>hymni,</strong></span> <span class='ocrx_word' id='word_1_81' title='bbox 1177 2465 1296 2548; x_wconf 90' lang='lat' dir='ltr'><strong>Pytha·</strong></span> 
     </span>
     <span class='ocr_line' id='line_1_12' title="bbox 121 2569 1297 2654; baseline 0.001 -19"><span class='ocrx_word' id='word_1_82' title='bbox 121 2589 214 2652; x_wconf 87' lang='lat' dir='ltr'><strong>gorae</strong></span> <span class='ocrx_word' id='word_1_83' title='bbox 231 2589 325 2634; x_wconf 88' lang='lat' dir='ltr'><strong>auree</strong></span> <span class='ocrx_word' id='word_1_84' title='bbox 348 2570 495 2646; x_wconf 89' lang='lat' dir='ltr'><strong>carmina,</strong></span> <span class='ocrx_word' id='word_1_85' title='bbox 521 2569 704 2636; x_wconf 84' lang='lat' dir='ltr'><strong>Callimachi</strong></span> <span class='ocrx_word' id='word_1_86' title='bbox 718 2571 838 2653; x_wconf 87' lang='lat' dir='ltr'><strong>hymni,</strong></span> <span class='ocrx_word' id='word_1_87' title='bbox 861 2571 1079 2653; x_wconf 82' lang='lat' dir='ltr'><strong>Aristophanis</strong></span> <span class='ocrx_word' id='word_1_88' title='bbox 1103 2572 1297 2654; x_wconf 87' lang='lat' dir='ltr'><strong>epigramma</strong></span> 
     </span>
    </p>
   </div>
   <div class='ocr_carea' id='block_1_3' title="bbox 121 2675 1453 2759">
    <p class='ocr_par' dir='ltr' id='par_1_4' title="bbox 121 2675 1453 2759">
     <span class='ocr_line' id='line_1_13' title="bbox 121 2675 1453 2759; baseline 0.005 -19"><span class='ocrx_word' id='word_1_89' title='bbox 121 2678 154 2740; x_wconf 92' lang='lat' dir='ltr'><strong>in</strong></span> <span class='ocrx_word' id='word_1_90' title='bbox 177 2675 328 2759; x_wconf 86' lang='lat' dir='ltr'><strong>Oedipum</strong></span> <span class='ocrx_word' id='word_1_91' title='bbox 352 2677 385 2741; x_wconf 91' lang='lat' dir='ltr'><strong>et</strong></span> <span class='ocrx_word' id='word_1_92' title='bbox 408 2676 517 2754; x_wconf 80' lang='lat' dir='ltr'><strong>Quinti</strong></span> <span class='ocrx_word' id='word_1_93' title='bbox 538 2675 701 2759; x_wconf 84' lang='lat' dir='ltr'><strong>Smyrnaei</strong></span> <span class='ocrx_word' id='word_1_94' title='bbox 724 2677 757 2739; x_wconf 93' lang='lat' dir='ltr'><strong>in</strong></span> <span class='ocrx_word' id='word_1_95' title='bbox 773 2676 918 2740; x_wconf 91' lang='lat' dir='ltr'><strong>Herculis</strong></span> <span class='ocrx_word' id='word_1_96' title='bbox 934 2675 994 2740; x_wconf 92' lang='lat' dir='ltr'><strong>XII</strong></span> <span class='ocrx_word' id='word_1_97' title='bbox 1015 2676 1148 2753; x_wconf 87' lang='lat' dir='ltr'><strong>labores,</strong></span> <span class='ocrx_word' id='word_1_98' title='bbox 1173 2675 1297 2741; x_wconf 88' lang='lat' dir='ltr'><strong>Scholia</strong></span> <span class='ocrx_word' id='word_1_99' title='bbox 1343 2713 1345 2718; x_wconf 95' lang='lat'>·</span> <span class='ocrx_word' id='word_1_100' title='bbox 1445 2735 1453 2746; x_wconf 95' lang='lat'>.</span> 
     </span>
    </p>
   </div>
   <div class='ocr_carea' id='block_1_4' title="bbox 121 2781 1299 4136">
    <p class='ocr_par' dir='ltr' id='par_1_5' title="bbox 121 2781 1297 3606">
     <span class='ocr_line' id='line_1_14' title="bbox 122 2781 1295 2871; baseline 0.001 -26"><span class='ocrx_word' id='word_1_101' title='bbox 122 2783 155 2845; x_wconf 94' lang='lat' dir='ltr'><strong>in</strong></span> <span class='ocrx_word' id='word_1_102' title='bbox 181 2783 344 2846; x_wconf 91' lang='lat' dir='ltr'><strong>Boeotiam</strong></span> <span class='ocrx_word' id='word_1_103' title='bbox 374 2781 515 2859; x_wconf 87' lang='lat' dir='ltr'><strong>Homeri,</strong></span> <span class='ocrx_word' id='word_1_104' title='bbox 555 2783 677 2871; x_wconf 90' lang='lat' dir='ltr'><strong>Musaei</strong></span> <span class='ocrx_word' id='word_1_105' title='bbox 706 2802 831 2847; x_wconf 89' lang='lat' dir='ltr'><strong>carmen</strong></span> <span class='ocrx_word' id='word_1_106' title='bbox 861 2783 898 2847; x_wconf 90' lang='lat' dir='ltr'><strong>dc</strong></span> <span class='ocrx_word' id='word_1_107' title='bbox 926 2783 1050 2848; x_wconf 89' lang='lat' dir='ltr'><strong>Herone</strong></span> <span class='ocrx_word' id='word_1_108' title='bbox 1081 2785 1114 2847; x_wconf 90' lang='lat' dir='ltr'><strong>et</strong></span> <span class='ocrx_word' id='word_1_109' title='bbox 1143 2783 1295 2859; x_wconf 85' lang='lat' dir='ltr'><strong>Leandro,</strong></span> 
     </span>
     <span class='ocr_line' id='line_1_15' title="bbox 121 2887 1296 2973; baseline 0.002 -22"><span class='ocrx_word' id='word_1_110' title='bbox 121 2888 252 2952; x_wconf 89' lang='lat' dir='ltr'><strong>Hesiodi</strong></span> <span class='ocrx_word' id='word_1_111' title='bbox 287 2887 430 2965; x_wconf 91' lang='lat' dir='ltr'><strong>Scutum,</strong></span> <span class='ocrx_word' id='word_1_112' title='bbox 472 2909 580 2954; x_wconf 89' lang='lat' dir='ltr'><strong>uersus</strong></span> <span class='ocrx_word' id='word_1_113' title='bbox 614 2890 647 2952; x_wconf 90' lang='lat' dir='ltr'><strong>iu</strong></span> <span class='ocrx_word' id='word_1_114' title='bbox 681 2887 922 2972; x_wconf 89' lang='lat' dir='ltr'><strong>Labyrinthum,</strong></span> <span class='ocrx_word' id='word_1_115' title='bbox 966 2888 1168 2973; x_wconf 86' lang='lat' dir='ltr'><strong>Phocylides,</strong></span> <span class='ocrx_word' id='word_1_116' title='bbox 1203 2889 1296 2955; x_wconf 81' lang='lat' dir='ltr'><strong>Arati</strong></span> 
     </span>
     <span class='ocr_line' id='line_1_16' title="bbox 121 2993 1296 3077; baseline 0.002 -21"><span class='ocrx_word' id='word_1_117' title='bbox 121 2995 354 3070; x_wconf 89' lang='lat' dir='ltr'><strong>Phaenomena,</strong></span> <span class='ocrx_word' id='word_1_118' title='bbox 389 2993 539 3059; x_wconf 87' lang='lat' dir='ltr'><strong>Nicandri</strong></span> <span class='ocrx_word' id='word_1_119' title='bbox 573 2995 724 3059; x_wconf 78' lang='lat' dir='ltr'><strong>Theriaca</strong></span> <span class='ocrx_word' id='word_1_120' title='bbox 759 2998 791 3058; x_wconf 92' lang='lat' dir='ltr'><strong>et</strong></span> <span class='ocrx_word' id='word_1_121' title='bbox 825 2995 1094 3077; x_wconf 82' lang='lat' dir='ltr'><strong>Alexipharmaca,</strong></span> <span class='ocrx_word' id='word_1_122' title='bbox 1129 2995 1296 3060; x_wconf 86' lang='lat' dir='ltr'><strong>Phanoclis</strong></span> 
     </span>
     <span class='ocr_line' id='line_1_17' title="bbox 121 3099 1296 3184; baseline 0 -20"><span class='ocrx_word' id='word_1_123' title='bbox 121 3101 232 3183; x_wconf 72' lang='lat' dir='ltr'><strong>poetae</strong></span> <span class='ocrx_word' id='word_1_124' title='bbox 263 3099 432 3180; x_wconf 82' lang='lat' dir='ltr'><strong>carmen.²)</strong></span> <span class='ocrx_word' id='word_1_125' title='bbox 479 3102 571 3165; x_wconf 91' lang='lat' dir='ltr'><strong>Hunc</strong></span> <span class='ocrx_word' id='word_1_126' title='bbox 598 3101 724 3178; x_wconf 82' lang='lat' dir='ltr'><strong>librum,</strong></span> <span class='ocrx_word' id='word_1_127' title='bbox 757 3119 848 3184; x_wconf 91' lang='lat' dir='ltr'><strong>quem</strong></span> <span class='ocrx_word' id='word_1_128' title='bbox 879 3100 914 3164; x_wconf 95' lang='lat' dir='ltr'><strong>O.</strong></span> <span class='ocrx_word' id='word_1_129' title='bbox 948 3099 1116 3165; x_wconf 88' lang='lat' dir='ltr'><strong>Schneider</strong></span> <span class='ocrx_word' id='word_1_130' title='bbox 1144 3101 1177 3164; x_wconf 92' lang='lat' dir='ltr'><strong>in</strong></span> <span class='ocrx_word' id='word_1_131' title='bbox 1201 3101 1296 3166; x_wconf 86' lang='lat' dir='ltr'><strong>Calli-</strong></span> 
     </span>
     <span class='ocr_line' id='line_1_18' title="bbox 122 3205 1296 3290; baseline 0.003 -22"><span class='ocrx_word' id='word_1_132' title='bbox 122 3206 260 3270; x_wconf 91' lang='lat' dir='ltr'><strong>macheis</strong></span> <span class='ocrx_word' id='word_1_133' title='bbox 291 3206 352 3270; x_wconf 88' lang='lat' dir='ltr'><strong>nol.</strong></span> <span class='ocrx_word' id='word_1_134' title='bbox 380 3206 395 3269; x_wconf 92' lang='grc' dir='ltr'>Ι</span> <span class='ocrx_word' id='word_1_135' title='bbox 428 3226 499 3290; x_wconf 85' lang='lat' dir='ltr'><strong>pag.</strong></span> <span class='ocrx_word' id='word_1_136' title='bbox 523 3206 645 3270; x_wconf 89' lang='lat' dir='ltr'>XXXII</span> <span class='ocrx_word' id='word_1_137' title='bbox 668 3206 745 3271; x_wconf 90' lang='lat' dir='ltr'><strong>dicit</strong></span> <span class='ocrx_word' id='word_1_138' title='bbox 768 3226 835 3271; x_wconf 90' lang='lat' dir='ltr'><strong>esse</strong></span> <span class='ocrx_word' id='word_1_139' title='bbox 859 3205 975 3270; x_wconf 89' lang='lat' dir='ltr'><strong>saeculi</strong></span> <span class='ocrx_word' id='word_1_140' title='bbox 998 3205 1068 3283; x_wconf 91' lang='lat' dir='ltr'><strong>XV,</strong></span> <span class='ocrx_word' id='word_1_141' title='bbox 1091 3207 1149 3271; x_wconf 91' lang='lat' dir='ltr'><strong>hoc</strong></span> <span class='ocrx_word' id='word_1_142' title='bbox 1172 3207 1296 3271; x_wconf 87' lang='lat' dir='ltr'><strong>saeculo</strong></span> 
     </span>
     <span class='ocr_line' id='line_1_19' title="bbox 123 3305 1297 3378; baseline 0.002 -4"><span class='ocrx_word' id='word_1_143' title='bbox 123 3317 255 3376; x_wconf 87' lang='lat' dir='ltr'><strong>exeunte</strong></span> <span class='ocrx_word' id='word_1_144' title='bbox 279 3313 345 3376; x_wconf 90' lang='lat' dir='ltr'><strong>siue</strong></span> <span class='ocrx_word' id='word_1_145' title='bbox 376 3312 451 3376; x_wconf 92' lang='lat' dir='ltr'><strong>XVI</strong></span> <span class='ocrx_word' id='word_1_146' title='bbox 479 3313 606 3377; x_wconf 90' lang='lat' dir='ltr'><strong>ineunte</strong></span> <span class='ocrx_word' id='word_1_147' title='bbox 629 3314 788 3377; x_wconf 83' lang='lat' dir='ltr'><strong>exaratum</strong></span> <span class='ocrx_word' id='word_1_148' title='bbox 820 3332 887 3376; x_wconf 88' lang='lat' dir='ltr'><strong>esse</strong></span> <span class='ocrx_word' id='word_1_149' title='bbox 911 3305 1030 3377; x_wconf 89' lang='lat' dir='ltr'><strong>iudicat</strong></span> <span class='ocrx_word' id='word_1_150' title='bbox 1053 3311 1137 3378; x_wconf 84' lang='lat' dir='ltr'><strong>Guil.</strong></span> <span class='ocrx_word' id='word_1_151' title='bbox 1160 3313 1231 3377; x_wconf 89' lang='lat' dir='ltr'><strong>Nic.</strong></span> <span class='ocrx_word' id='word_1_152' title='bbox 1256 3311 1297 3376; x_wconf 93' lang='lat' dir='ltr'><strong>du</strong></span> 
     </span>
     <span class='ocr_line' id='line_1_20' title="bbox 123 3417 1296 3500; baseline 0.002 -20"><span class='ocrx_word' id='word_1_153' title='bbox 123 3417 214 3493; x_wconf 87' lang='lat' dir='ltr'><strong>Rieu,</strong></span> <span class='ocrx_word' id='word_1_154' title='bbox 249 3419 546 3500; x_wconf 54' lang='lat' dir='ltr'><strong>manuscriptorum»</strong></span> <span class='ocrx_word' id='word_1_155' title='bbox 562 3418 816 3500; x_wconf 88' lang='lat' dir='ltr'><strong>Lugdunensium</strong></span> <span class='ocrx_word' id='word_1_156' title='bbox 851 3420 1060 3498; x_wconf 89' lang='lat' dir='ltr'><strong>conseruator,</strong></span> <span class='ocrx_word' id='word_1_157' title='bbox 1104 3418 1140 3482; x_wconf 90' lang='lat' dir='ltr'><strong>nt</strong></span> <span class='ocrx_word' id='word_1_158' title='bbox 1173 3437 1296 3484; x_wconf 89' lang='lat' dir='ltr'><strong>mecum</strong></span> 
     </span>
     <span class='ocr_line' id='line_1_21' title="bbox 124 3522 1185 3606; baseline 0.001 -18"><span class='ocrx_word' id='word_1_159' title='bbox 124 3524 364 3602; x_wconf 87' lang='lat' dir='ltr'><strong>communicauit</strong></span> <span class='ocrx_word' id='word_1_160' title='bbox 387 3523 521 3606; x_wconf 89' lang='lat' dir='ltr'><strong>epistula</strong></span> <span class='ocrx_word' id='word_1_161' title='bbox 543 3543 571 3588; x_wconf 87' lang='lat' dir='ltr'><strong>a.</strong></span> <span class='ocrx_word' id='word_1_162' title='bbox 596 3524 625 3588; x_wconf 91' lang='lat' dir='ltr'><strong>d.</strong></span> <span class='ocrx_word' id='word_1_163' title='bbox 649 3524 694 3588; x_wconf 94' lang='lat' dir='ltr'><strong>IX</strong></span> <span class='ocrx_word' id='word_1_164' title='bbox 713 3523 786 3588; x_wconf 89' lang='lat' dir='ltr'><strong>Kal.</strong></span> <span class='ocrx_word' id='word_1_165' title='bbox 812 3524 917 3603; x_wconf 81' lang='lat' dir='ltr'><strong>Quint.</strong></span> <span class='ocrx_word' id='word_1_166' title='bbox 942 3544 970 3591; x_wconf 89' lang='lat' dir='ltr'><strong>a.</strong></span> <span class='ocrx_word' id='word_1_167' title='bbox 996 3527 1081 3594; x_wconf 83' lang='grc'>1881</span> <span class='ocrx_word' id='word_1_168' title='bbox 1102 3522 1185 3589; x_wconf 86' lang='lat' dir='ltr'><strong>data.</strong></span> 
     </span>
    </p>

    <p class='ocr_par' dir='ltr' id='par_1_6' title="bbox 123 3629 1299 4136">
     <span class='ocr_line' id='line_1_22' title="bbox 212 3629 1298 3716; baseline -0.005 -18"><span class='ocrx_word' id='word_1_169' title='bbox 212 3629 247 3715; x_wconf 83' lang='lat'><strong>2)</strong></span> <span class='ocrx_word' id='word_1_170' title='bbox 270 3631 364 3695; x_wconf 82' lang='lat' dir='ltr'><strong>codex</strong></span> <span class='ocrx_word' id='word_1_171' title='bbox 386 3630 602 3712; x_wconf 90' lang='lat' dir='ltr'><strong>Lugdunensis</strong></span> <span class='ocrx_word' id='word_1_172' title='bbox 626 3631 692 3694; x_wconf 91' lang='lat' dir='ltr'><strong>siue</strong></span> <span class='ocrx_word' id='word_1_173' title='bbox 708 3630 951 3696; x_wconf 87' lang='lat' dir='ltr'><strong>Ruhnkeniauns</strong></span> <span class='ocrx_word' id='word_1_174' title='bbox 974 3632 1017 3698; x_wconf 88' lang='grc'><strong>10</strong></span> <span class='ocrx_word' id='word_1_175' title='bbox 1031 3629 1100 3716; x_wconf 89' lang='lat' dir='ltr'><strong>(R),</strong></span> <span class='ocrx_word' id='word_1_176' title='bbox 1122 3629 1198 3694; x_wconf 94' lang='lat' dir='ltr'><strong>olim</strong></span> <span class='ocrx_word' id='word_1_177' title='bbox 1213 3629 1298 3694; x_wconf 86' lang='lat' dir='ltr'><strong>Moe·</strong></span> 
     </span>
     <span class='ocr_line' id='line_1_23' title="bbox 124 3734 1298 3818; baseline 0 -18"><span class='ocrx_word' id='word_1_178' title='bbox 124 3737 257 3818; x_wconf 84' lang='lat' dir='ltr'><strong>quomis,</strong></span> <span class='ocrx_word' id='word_1_179' title='bbox 290 3736 342 3818; x_wconf 91' lang='lat' dir='ltr'><strong>qui</strong></span> <span class='ocrx_word' id='word_1_180' title='bbox 366 3755 388 3813; x_wconf 63' lang='lat' dir='ltr'><strong>a¹</strong></span> <span class='ocrx_word' id='word_1_181' title='bbox 412 3735 587 3800; x_wconf 84' lang='lat' dir='ltr'><strong>Christiano</strong></span> <span class='ocrx_word' id='word_1_182' title='bbox 612 3735 769 3800; x_wconf 81' lang='lat' dir='ltr'><strong>Friderico</strong></span> <span class='ocrx_word' id='word_1_183' title='bbox 792 3735 947 3800; x_wconf 90' lang='lat' dir='ltr'><strong>Matthaei</strong></span> <span class='ocrx_word' id='word_1_184' title='bbox 970 3735 1102 3799; x_wconf 89' lang='lat' dir='ltr'><strong>donatus</strong></span> <span class='ocrx_word' id='word_1_185' title='bbox 1125 3737 1174 3800; x_wconf 91' lang='lat' dir='ltr'><strong>est</strong></span> <span class='ocrx_word' id='word_1_186' title='bbox 1189 3734 1298 3800; x_wconf 88' lang='lat' dir='ltr'><strong>Ruhn-</strong></span> 
     </span>
     <span class='ocr_line' id='line_1_24' title="bbox 123 3828 1299 3924; baseline 0 -20"><span class='ocrx_word' id='word_1_187' title='bbox 123 3841 225 3919; x_wconf 87' lang='lat' dir='ltr'><strong>kenio‚</strong></span> <span class='ocrx_word' id='word_1_188' title='bbox 257 3843 343 3906; x_wconf 89' lang='lat' dir='ltr'><strong>cuius</strong></span> <span class='ocrx_word' id='word_1_189' title='bbox 367 3861 385 3906; x_wconf 89' lang='lat' dir='ltr'><strong>a</strong></span> <span class='ocrx_word' id='word_1_190' title='bbox 407 3842 533 3906; x_wconf 91' lang='lat' dir='ltr'><strong>nomine</strong></span> <span class='ocrx_word' id='word_1_191' title='bbox 556 3841 705 3924; x_wconf 87' lang='lat' dir='ltr'><strong>appellari</strong></span> <span class='ocrx_word' id='word_1_192' title='bbox 728 3840 815 3905; x_wconf 88' lang='lat' dir='ltr'><strong>solet.</strong></span> <span class='ocrx_word' id='word_1_193' title='bbox 862 3843 940 3906; x_wconf 91' lang='lat' dir='ltr'><strong>Post</strong></span> <span class='ocrx_word' id='word_1_194' title='bbox 962 3828 1141 3905; x_wconf 88' lang='lat' dir='ltr'><strong>Ruhnkenii</strong></span> <span class='ocrx_word' id='word_1_195' title='bbox 1163 3842 1299 3904; x_wconf 86' lang='lat' dir='ltr'><strong>mortem</strong></span> 
     </span>
     <span class='ocr_line' id='line_1_25' title="bbox 123 3944 1299 4031; baseline 0 -21"><span class='ocrx_word' id='word_1_196' title='bbox 123 3948 157 4010; x_wconf 91' lang='lat' dir='ltr'><strong>iu</strong></span> <span class='ocrx_word' id='word_1_197' title='bbox 179 3948 407 4013; x_wconf 90' lang='lat' dir='ltr'><strong>Bibliothecam</strong></span> <span class='ocrx_word' id='word_1_198' title='bbox 426 3947 747 4031; x_wconf 88' lang='lat' dir='ltr'><strong>Lugduno·Batauem</strong></span> <span class='ocrx_word' id='word_1_199' title='bbox 770 3947 973 4031; x_wconf 87' lang='lat' dir='ltr'><strong>immigrauit.</strong></span> <span class='ocrx_word' id='word_1_200' title='bbox 1021 3948 1078 4011; x_wconf 80' lang='lat' dir='ltr'><strong>ldst</strong></span> <span class='ocrx_word' id='word_1_201' title='bbox 1101 3944 1218 4011; x_wconf 82' lang='lat' dir='ltr'><strong>saeculi</strong></span> <span class='ocrx_word' id='word_1_202' title='bbox 1240 3945 1299 4010; x_wconf 93' lang='lat' dir='ltr'><strong>XV</strong></span> 
     </span>
     <span class='ocr_line' id='line_1_26' title="bbox 124 4050 1299 4136; baseline -0.002 -18"><span class='ocrx_word' id='word_1_203' title='bbox 124 4054 155 4118; x_wconf 85' lang='lat' dir='ltr'><strong>in</strong></span> <span class='ocrx_word' id='word_1_204' title='bbox 181 4054 290 4136; x_wconf 85' lang='lat' dir='ltr'><strong>quarto</strong></span> <span class='ocrx_word' id='word_1_205' title='bbox 314 4055 346 4118; x_wconf 91' lang='lat' dir='ltr'><strong>et</strong></span> <span class='ocrx_word' id='word_1_206' title='bbox 370 4055 494 4119; x_wconf 81' lang='lat' dir='ltr'><strong>exhibet</strong></span> <span class='ocrx_word' id='word_1_207' title='bbox 515 4054 599 4118; x_wconf 88' lang='lat' dir='ltr'><strong>foliis</strong></span> <span class='ocrx_word' id='word_1_208' title='bbox 622 4054 834 4136; x_wconf 86' lang='lat' dir='ltr'><strong>undetriginta</strong></span> <span class='ocrx_word' id='word_1_209' title='bbox 858 4053 974 4135; x_wconf 90' lang='lat' dir='ltr'><strong>Orphei</strong></span> <span class='ocrx_word' id='word_1_210' title='bbox 997 4053 1228 4136; x_wconf 82' lang='lat' dir='ltr'><strong>Argonautica:</strong></span> <span class='ocrx_word' id='word_1_211' title='bbox 1253 4050 1299 4116; x_wconf 88' lang='lat' dir='ltr'><strong>nil</strong></span> 
     </span>
    </p>
   </div>
   <div class='ocr_carea' id='block_1_5' title="bbox 218 4225 1214 4298">
    <p class='ocr_par' dir='ltr' id='par_1_7' title="bbox 218 4225 1214 4298">
     <span class='ocr_line' id='line_1_27' title="bbox 218 4225 1214 4298; baseline 0 -17"><span class='ocrx_word' id='word_1_212' title='bbox 218 4229 243 4298; x_wconf 84' lang='lat'><strong>¹)</strong></span> <span class='ocrx_word' id='word_1_213' title='bbox 261 4226 304 4282; x_wconf 83' lang='lat' dir='ltr'><strong>cf.</strong></span> <span class='ocrx_word' id='word_1_214' title='bbox 323 4226 449 4296; x_wconf 81' lang='lat' dir='ltr'><strong>Gatalog.</strong></span> <span class='ocrx_word' id='word_1_215' title='bbox 468 4227 660 4282; x_wconf 82' lang='lat' dir='ltr'><strong>Bibliothecae</strong></span> <span class='ocrx_word' id='word_1_216' title='bbox 677 4226 952 4297; x_wconf 83' lang='lat' dir='ltr'><strong>Lugduno-Bateuae</strong></span> <span class='ocrx_word' id='word_1_217' title='bbox 970 4226 1051 4281; x_wconf 90' lang='lat' dir='ltr'><strong>Publ.</strong></span> <span class='ocrx_word' id='word_1_218' title='bbox 1071 4243 1134 4295; x_wconf 88' lang='lat' dir='ltr'><strong>pag.</strong></span> <span class='ocrx_word' id='word_1_219' title='bbox 1154 4225 1214 4281; x_wconf 81' lang='lat'>398.</span> 
     </span>
    </p>
   </div>
   <div class='ocr_carea' id='block_1_6' title="bbox 0 0 1541 4970">
    <p class='ocr_par' dir='ltr' id='par_1_8' title="bbox 0 0 1541 4970">
     <span class='ocr_line' id='line_1_28' title="bbox 0 0 1541 4970; baseline 0 0"><span class='ocrx_word' id='word_1_220' title='bbox 0 0 1541 4970; x_wconf 95' lang='lat' dir='ltr'><strong> </strong></span> 
     </span>
    </p>
   </div>
  </div>
 </body>
</html>
